3700 5625
715 625 923 688 „21-

261 779 482 872 όγωνιεῖσθαι
507 805 572 852 non
604 787 872 874 διαγωνιεῖσθαι,
906 793 944 855 ut
972 787 1052 856 falso
1080 791 1202 857 notarit
1228 791 1384 875 Sintenis;

259 891 346 976 quod
375 913 445 957 cum
468 890 574 958 scribo
602 914 667 958 non
688 914 755 958 esse
776 892 950 960 verendum
970 898 1062 976 puto,
1090 916 1130 960 ne
1152 893 1192 961 de
1222 897 1387 979 praeclara

258 994 381 1079 egregii
409 993 469 1058 viri
495 993 590 1060 laude
619 995 787 1078 quicquam
812 993 981 1061 detrahere
1010 996 1241 1061 irreverentius
1269 996 1387 1062 videar.

260 1098 293 1164 C.
316 1105 335 1166 7
357 1098 526 1165 articulum
552 1099 643 1164 iuxta
664 1120 736 1163 cum
758 1099 871 1164 ceteris
892 1098 1012 1163 omittit
1032 1102 1106 1164 ante
1133 1094 1309 1164 Καύκασον
1331 1097 1385 1164 de·

256 1199 398 1283 levitque
419 1221 492 1264 eum
514 1197 654 1265 Sintenis
675 1221 747 1264 cum
768 1199 886 1266 eisdem
906 1200 1000 1266 libris
1025 1201 1060 1265 in
1081 1221 1171 1283 conp.
1194 1200 1337 1265 Demetri
1355 1207 1388 1268 et

256 1300 378 1366 Antoni
397 1321 423 1368 c.
448 1307 483 1381 13
512 1321 579 1382 cap.
601 1303 620 1366 8
642 1321 700 1383 pro
720 1298 846 1385 volgato
870 1300 1148 1389 προαισθομένου
1167 1299 1228 1383 μέν
1252 1293 1388 1379 οὐδενός

255 1402 378 1488 legitur
393 1399 670 1491 προαισθομένου
686 1398 829 1486 μηδενός
844 1407 876 1468 et
890 1408 1019 1485 praeter
1032 1403 1093 1468 hoc
1115 1402 1211 1482 nihi13
1233 1423 1257 1466 c.
1272 1407 1291 1469 9
1309 1402 1387 1468 item

256 1501 422 1568 Palatinus
439 1501 572 1584 praebet
595 1499 769 1584 έβοόλετο;
794 1523 861 1585 cap.
881 1508 919 1568 12
934 1503 1046 1569 scribit
1068 1502 1148 1592 περὶ
1168 1503 1205 1569 δέ
1222 1501 1300 1582 τοός
1317 1507 1386 1582 βω-

256 1605 343 1690 μοός
358 1604 491 1672 ἐκείνων
513 1606 628 1672 omisso
649 1605 783 1671 articulo
805 1604 1050 1692 εαῖυέκείνωη
1072 1608 1184 1675 eodem
1197 1609 1298 1674 inciso
1312 1609 1384 1675 sub·

256 1712 420 1779 ministrat
443 1733 508 1777 non
525 1718 562 1778 ut
582 1711 721 1779 Sintenis
741 1714 864 1778 notavit
880 1711 914 1778 ἐν
929 1708 1013 1800 χλόῃ
1027 1713 1261 1800 κατέφθειρεν,
1280 1713 1336 1781 sed
1352 1712 1387 1779 ἒν

185 1885 197 1894 ,
253 1841 287 1898 χ.
302 1817 525 1905 διέφθειρεν,
549 1815 633 1901 quod
649 1837 741 1882 nemo
763 1817 934 1899 spreverit3
956 1838 981 1884 c.
996 1821 1035 1883 18
1050 1816 1084 1881 in
1098 1817 1203 1882 verbis
1217 1816 1274 1882 καί
1290 1813 1387 1882 circi

256 1921 402 2006 βασιλέα
432 1919 489 1988 τόν
519 1921 732 2003 Πτολεμαῖον
760 1921 880 1985 omittit
910 1919 1094 2000 articulum3
1136 1941 1161 1984 c.
1196 1924 1234 1986 19
1264 1910 1386 2004 ἤμελλε
1462 1921 1468 1930 ’

254 2026 419 2092 invenitur
440 2026 537 2092 etiam
564 2025 600 2089 in
620 2025 718 2090 Pelet.
741 2030 777 2090 ut
798 2046 822 2089 c.
846 2029 886 2089 21)
907 2025 968 2088 τοῦ
987 2025 1129 2112 θαρρεῖν
1135 2055 1146 2107 ,-
1175 2045 1200 2088 c.
1224 2029 1265 2091 20
1286 2022 1386 2089 codex

257 2125 405 2193 sollemni
427 2126 670 2192 commutatione
689 2126 814 2209 quippe
843 2145 901 2208 per
922 2145 1032 2190 omnes
1052 2124 1151 2191 libros
1180 2124 1387 2190 disseminate

254 2223 673 2316 ίιοίιο1τορνεόοντες,
703 2247 812 2310 margo
834 2225 1002 2309 pallidiore
1030 2246 1116 2290 nunc
1144 2232 1276 2308 propter
1295 2229 1383 2290 vetu-

257 2338 375 2400 statem
396 2338 575 2400 atramento
596 2337 628 2400 et
649 2333 690 2399 ab
717 2334 780 2399 alia
800 2333 835 2397 ni
856 2332 950 2398 fallor
977 2336 1142 2399 exaratum
1164 2354 1274 2411 manu,
1303 2353 1387 2416 quae

256 2448 366 2509 tamen
395 2441 520 2506 saeculo
546 2440 611 2505 XII
637 2461 700 2506 non
731 2440 887 2522 posterior
916 2438 1073 2517 videatur,
1105 2433 1384 2527 τορεύοντες,·

256 2571 281 2614 c.
300 2552 340 2613 22
360 2547 478 2632 legitur
500 2540 673 2634 εὐρώστως
694 2543 730 2611 δέ
752 2547 819 2610 τῶν
837 2539 972 2610 Ῥοδίων
995 2539 1209 2628 ἀμυνομένων
1228 2564 1288 2610 om.
1316 2539 1383 2608 καί.

256 2656 297 2720 In
312 2653 423 2721 eodem
445 2653 548 2736 capite
571 2650 668 2718 codex
688 2651 767 2717 falso
789 2655 939 2717 narratur
958 2650 1076 2717 hebere
1098 2652 1159 2716 τοῦ
1182 2647 1311 2737 πατρός
1334 2645 1384 2713 εί-’

258 2755 358 2837 κόνας
378 2750 419 2824 iic
442 2754 627 2844 ἐμπρῆσαι,
651 2775 723 2821 cum
743 2754 849 2839 potins
871 2753 1026 2837 scriptum
1048 2751 1090 2818 sit
1111 2746 1317 2838 τοῦπατρὸς
1339 2741 1379 2813 όν
1489 2767 1493 2773 ·

258 2858 389 2939 εἰκόνας
415 2857 602 2947 ἐμπρῆσαι,
627 2855 711 2940 quod
732 2855 839 2921 nescio
860 2875 902 2919 an
924 2856 1081 2936 praestet,
1104 2871 1176 2915 cum
1195 2847 1384 2931 praesertim

255 2965 293 3029 in
314 2964 374 3029 τοῦ
402 2957 531 3050 πατρός
560 2959 662 3027 maius
687 2979 799 3043 reapse
829 2958 871 3024 sit
896 2962 1105 3037 momentnm3
1131 2956 1271 3037 itemque
1292 2972 1316 3016 c.
1342 2954 1383 3017 28

255 3069 342 3135 solus
357 3064 469 3133 scribit
484 3062 520 3129 έκ
537 3064 683 3149 κωμικῆς
695 3063 813 3149 σκηνῆς
826 3059 931 3127 πάλιν
947 3058 995 3138 είς
1016 3057 1087 3146 τὴν
1109 3056 1267 3147 τραγικὴν
1281 3050 1384 3138 μετό-

256 3194 380 3261 γουσιν,
402 3179 439 3239 ut
460 3176 601 3239 extremo
623 3189 689 3253 cap.
707 3174 748 3237 29
768 3162 1096 3235 ἀπολειπόντων
1116 3186 1175 3248 pro
1195 3163 1276 3247 volg.
1296 3156 1385 3226 όπο-
1492 3160 1494 3166 ’

256 3258 425 3339 λιπόντων
441 3276 474 3339 et
493 3271 586 3337 initio
606 3292 631 3339 c.
644 3276 685 3339 34
709 3265 814 3349 οὕτως
832 3269 882 3353 μέ
889 3295 906 3334 ν
929 3261 988 3335 σόν
1003 3271 1062 3356 τῆς
1083 3267 1215 3345 πόλεως
1236 3262 1383 3351 έχοόσρς,
1445 3321 1450 3329 ,

255 3373 342 3459 quod
367 3372 584 3456 reponendum
606 3370 758 3451 arbitron
789 3393 814 3436 c.
843 3378 881 3437 41
905 3392 964 3454 pro
986 3369 1130 3458 ἐνορῷτο
1153 3369 1264 3433 vitiose
1293 3366 1384 3429 utin

256 3482 330 3550 aliis
348 3482 403 3548 sed
422 3482 591 3549 accedente
610 3502 690 3546 novo
709 3480 824 3546 mendo
836 3479 956 3565 legitur
977 3479 1053 3562 μέν
1076 3472 1168 3566 όριό.
1195 3474 1320 3548 Eodem
1334 3474 1381 3538 in·

257 3584 324 3651 cieo
344 3589 429 3650 recto
448 3585 482 3649 in
503 3582 657 3665 Stephani
678 3581 766 3647 Thes.
785 3581 881 3646 Paris.
898 3602 921 3647 s.
938 3600 966 3645 v.
990 3575 1227 3664 διόμιτρος
1246 3578 1384 3650 notatur,

211 3736 217 3746 ,
256 3706 316 3771 pro
338 3706 374 3751 eo
396 3684 479 3770 qnod
501 3706 521 3750 a
544 3683 667 3750 Sinteni
690 3681 824 3766 aliisque
853 3680 996 3746 codicum
1021 3678 1173 3762 obsequio
1195 3676 1316 3744 editum
1337 3676 1380 3742 sit

255 3784 410 3865 καυσίαις
433 3784 598 3877 διμίτροις
621 3786 657 3853 in
681 3784 748 3853 cod.
767 3783 912 3851 Palatino
933 3787 1042 3850 extare
1064 3778 1268 3871 διαμίτροις,
1293 3780 1378 3865 qnod

255 3916 405 3961 verumne
427 3894 469 3959 sit
489 3916 531 3957 an
553 3893 666 3959 falsum
687 3893 773 3957 varie
794 3890 907 3957 disseri
927 3893 1040 3973 potest.
1084 3888 1130 3954 Ut
1149 3893 1256 3953 tamen
1280 3887 1384 3971 magis

255 3995 390 4061 inclinet
411 3995 570 4061 sententia
591 3994 632 4060 ad
655 3990 846 4081 διόμιτρος,
878 3992 997 4077 quippe
1027 3989 1112 4074 quod
1140 3990 1284 4073 quamvis
1305 4008 1380 4052 ana-

257 4101 361 4185 logiae
383 4120 496 4181 parum
519 4100 652 4165 fortasse
675 4119 849 4183 congruens
870 4102 966 4181 atque
987 4096 1163 4162 insolenter
1189 4092 1384 4174 conpositum

258 4226 317 4272 nec
331 4203 527 4289 significatus
548 4204 625 4269 satis
643 4203 813 4286 perspicui,
835 4208 872 4268 ut
886 4202 952 4268 alia
966 4201 1117 4285 conplura
1137 4200 1172 4264 in
1187 4197 1281 4262 huius
1298 4194 1384 4261 modi

256 4330 366 4375 rerum
391 4308 642 4386 nomenclatura,
672 4308 790 4375 diserta
819 4314 927 4375 tamen
947 4307 1099 4384 Pollucis,
1128 4323 1320 4387 quamquam
1341 4301 1381 4369 de

257 4408 436 4495 prostituto
456 4410 645 4493 explicantis
662 4409 729 4489 (cir.
737 4407 771 4475 Ο,
779 4410 915 4477 Mueller
922 4407 1087 4475 Archaeol
1100 4406 1121 4492 ᾗ
1134 4409 1217 4489 340),
1231 4408 1383 4472 testatum

255 4513 335 4580 iacit
353 4513 515 4579 enarratio
538 4512 647 4579 Onom.
663 4510 717 4592 IV,
744 4520 803 4583 153
825 4508 845 4600 ἡ
870 4514 906 4581 δὲ
928 4511 1105 4599 διόχρυσος
1134 4505 1252 4599 ἑταίρα
1277 4508 1383 4575 πολὺν

252 4610 322 4696 ἔχει
352 4610 410 4679 τόν
438 4611 558 4701 χρυσόν
581 4613 659 4702 περὶ
688 4616 729 4703 τῇ
758 4609 859 4701 κόμῃ·
896 4604 916 4697 ἦ
948 4611 986 4675 δὲ
1015 4606 1252 4698 διάμετρος
1283 4601 1411 4690 μίτρᾳ’

256 4709 398 4801 ποικίλῃ
420 4710 479 4799 τὴν
502 4712 651 4800 κεφαλὴν
671 4708 901 4800 κατείληπται,
926 4730 1029 4795 equo
1049 4710 1078 4776 si
1096 4710 1166 4776 iure
1188 4703 1385 4787 conpositum
