3700 5625
897 658 936 671 -
984 629 1045 692 ιοο
1092 661 1124 670 --

449 782 572 883 ἧττον
600 788 798 860 ἑστίασιν
828 795 1099 881 παρέχουσιν
1129 784 1151 878 ἢ
1178 796 1270 871 τοῖς
1293 785 1425 859 αὐτῶν
1447 783 1576 856 ἀκού-

451 920 544 964 ουσι
575 896 645 963 καὶ
672 893 1081 980 μεταλαμβάνουσιν
1104 896 1125 964 i.
1148 897 1262 964 anon
1287 904 1387 962 minos
1415 916 1575 962 νονοισιιιιπ

449 1009 538 1090 dapes
553 1011 581 1070 ct
595 1007 695 1090 epulor
705 1006 844 1088 praebent
858 1003 927 1084 (vel,
949 1007 986 1068 ut
1002 1007 1051 1068 est
1066 1002 1152 1085 apud
1166 1002 1319 1084 Plautum,
1339 1026 1483 1070 sermones
1502 1003 1579 1066 edno-

450 1113 719 1193 dedantmoqui
733 1111 976 1185 ολιονοολοσαισ,
999 1127 1085 1190 ροισι
1100 1111 1244 1192 quispam
1259 1111 1325 1172 aar
1339 1127 1577 1190 aerowpespecc·

450 1216 543 1276 scotor
558 1212 664 1274 oudbe
677 1230 830 1292 οοιιινσριιι
842 1212 969 1291 conpotes
981 1209 1057 1289 fieri
1065 1213 1232 1292 potuerunt.
1268 1209 1354 1290 Quae
1369 1211 1439 1276 sinc
1453 1212 1576 1274 contro-

451 1315 555 1381 versia
573 1319 709 1397 perapta
729 1318 779 1379 est
793 1313 959 1391 sententia.
981 1312 1142 1378 Platonico
1158 1335 1275 1394 rursus,
1297 1317 1333 1380 ni
1353 1316 1455 1393 fallor,
1476 1314 1579 1380 colore

451 1422 638 1500 temperata.
666 1415 728 1482 Oh.
739 1416 885 1500 inprimis
895 1415 1065 1496 limacum,
1087 1439 1202 1502 exque
1215 1422 1413 1488 sexcentiens
1427 1418 1581 1486 sermonis

451 1518 574 1585 lumina
600 1520 735 1602 sumpsit
756 1519 959 1599 Plutarchus,
987 1541 1016 1602 p.
1041 1520 1110 1587 arb
1135 1523 1257 1602 τελέως
1278 1547 1314 1590 τι
1337 1523 1394 1589 καὶ
1416 1522 1581 1610 λαμπροῖς

454 1618 548 1689 ἔοικα
572 1618 881 1716 ἄνταπολήψισθαι
902 1621 973 1712 τὴν
997 1626 1076 1690 τῶν
1105 1619 1232 1711 λόγων
1262 1623 1460 1694 ἑστίασιν
1488 1621 1580 1692 etde

453 1745 521 1809 rep.
542 1724 590 1790 IX
610 1745 640 1809 p.
662 1725 753 1793 b'ild
781 1721 939 1803 ἑστιάσας
961 1720 1067 1810 λόγων
1097 1725 1207 1792 καλῶν
1234 1726 1291 1794 καὶ
1324 1727 1479 1818 σκέψεων
1502 1723 1580 1790 conl.

454 1827 536 1895 Plut
555 1827 661 1915 Symp.
684 1827 755 1907 VII,
778 1832 806 1907 8,
828 1835 848 1894 1
869 1849 899 1911 p.
921 1832 1009 1895 7130
1037 1833 1070 1895 et
1097 1850 1179 1912 quae
1207 1831 1271 1897 aha
1302 1831 1448 1913 exempla
1482 1829 1585 1896 adfert

454 1934 719 2020 wyttenbachius
732 1933 775 1999 ad
788 1933 870 1999 Plut.
887 1933 965 2002 Mor.
980 1954 1010 2016 p.
1019 1939 1059 2000 40
1071 1935 1101 2014 b,
1123 1935 1238 2021 quibus
1253 1937 1335 2003 addo
1357 1937 1476 2004 similia
1502 1934 1585 2020 apud

455 2039 568 2104 Athem
593 2038 657 2104 VII
677 2059 708 2121 p.
731 2043 826 2104 2700
855 2035 964 2125 τροφὴ
988 2035 1049 2126 γὰρ
1077 2039 1184 2129 ψυχῆς
1205 2035 1302 2126 λόγοι
1334 2036 1434 2106 καλοί
1465 2037 1582 2105 conll

456 2163 483 2227 p.
508 2145 554 2210 ab
576 2143 623 2210 VI
642 2163 673 2227 p.
694 2141 786 2211 26811
808 2141 871 2209 VII
892 2161 923 2224 p.
944 2143 1083 2225 115111)
1127 2143 1172 2210 Ut
1193 2145 1291 2230 igitur
1311 2146 1347 2210 in
1372 2146 1424 2211 his
1450 2145 1582 2222 librarii

456 2273 528 2318 cum
548 2251 733 2319 novissimas
759 2251 1000 2334 participiorum
1029 2250 1167 2336 syllabas
1196 2253 1376 2320 indiscretis
1405 2255 1473 2320 iere
1495 2254 1582 2339 siglis

456 2357 619 2432 notarent,
639 2354 819 2420 temeritate
841 2374 898 2418 sua
919 2352 1024 2418 locum
1045 2353 1147 2419 tribus
1169 2361 1376 2439 quattuorve,
1396 2380 1468 2424 cum
1489 2358 1584 2424 semel

455 2456 599 2539 ingressa
612 2458 696 2520 esset
710 2453 934 2536 corrumpendi
947 2453 1013 2531 via,
1033 2453 1243 2538 inquinarunt
1261 2458 1348 2524 vitiis
1362 2496 1404 2506 —
1417 2479 1494 2524 nem
1511 2479 1579 2542 per-

455 2557 530 2624 inde
549 2558 643 2640 plane
665 2563 715 2624 est
733 2579 792 2640 per
812 2579 878 2636 eos,
905 2558 1062 2642 quomodo
1084 2560 1165 2645 sigla
1182 2562 1379 2628 resolvantur
1401 2601 1458 2644 -υ,
1485 2565 1533 2630 ita
1551 2564 1584 2628 iu

456 2663 521 2730 alio
541 2663 611 2730 loco
632 2684 697 2728 non
718 2668 785 2728 tam
806 2663 974 2728 miraberis
996 2663 1213 2730 soloecismum
1242 2668 1292 2734 vel
1319 2669 1399 2734 adeo
1421 2668 1581 2734 licentiam

456 2768 614 2837 sublestae
628 2768 820 2855 graecitatis,
841 2789 938 2853 quam
954 2767 1113 2836 inscitiam
1128 2761 1310 2852 scribarum,
1332 2792 1404 2837 cum
1417 2791 1518 2856 parva
1534 2771 1581 2837 rel

456 2878 545 2945 nulla
570 2879 729 2968 potiorum
755 2877 910 2943 librorum
940 2876 1134 2943 dissensione
1162 2879 1250 2964 (nam
1272 2878 1311 2945 de
1332 2879 1416 2945 libro
1438 2880 1581 2946 Palatino

456 2984 536 3049 mihi
558 2982 686 3068 quidem
706 3003 770 3047 non
791 2982 868 3047 satis
887 2985 957 3047 tuta
978 2979 1069 3065 tides)
1091 2981 1126 3045 in
1147 2979 1252 3067 Symp.
1270 2981 1358 3063 VIII,
1371 2988 1399 3062 9,
1418 2988 1437 3051 3
1453 3003 1484 3066 p.
1493 2982 1581 3050 73411

456 3089 609 3171 scriptum
628 3088 671 3151 sit
692 3083 727 3151 oi
744 3086 781 3152 δὲ
797 3087 956 3150 Γαλατῶν
977 3088 1125 3171 γυναῖκες
1148 3081 1195 3164 εἷς
1211 3084 1252 3151 τὰ
1270 3086 1433 3171 βαλανεῖα
1457 3082 1585 3153 πόλτου

455 3175 576 3276 χύτρας
601 3182 884 3273 εἱςφέροντες.
939 3184 1137 3270 Quamquam
1157 3207 1221 3251 non
1243 3189 1366 3254 nescius
1388 3208 1458 3253 sum
1480 3188 1582 3253 simile

457 3293 658 3378 quantumvis
679 3290 811 3357 dubium
834 3290 1045 3373 corruptionis
1066 3291 1245 3375 exemplum
1266 3293 1385 3360 adferri
1401 3314 1441 3360 ex
1457 3293 1583 3373 Quaest

455 3400 565 3468 Graec.
589 3422 615 3468 c.
641 3402 854 3482 capesse
881 3400 945 3461 miv
977 3396 1012 3463 bs
1036 3398 1267 3485 φονευθέντων
1294 3399 1334 3464 de
1362 3399 1584 3479 Amazonibus

456 3507 515 3587 oui,
537 3506 677 3572 simodo
698 3506 824 3590 integra
851 3507 902 3569 est
930 3500 1083 3585 Stephani
1111 3503 1219 3583 lectio,
1250 3508 1427 3589 promptior
1448 3504 1583 3573 fortasse

455 3622 569 3699 parata
588 3617 652 3681 erit
672 3614 832 3682 excusatio
854 3612 894 3678 ab
922 3612 963 3677 iis
990 3632 1070 3695 quae
1101 3612 1141 3679 de
1162 3613 1404 3697 participiorum
1427 3634 1492 3679 uon
1513 3634 1579 3679 mo·

455 3726 561 3787 torum
579 3743 639 3786 usu
658 3720 847 3804 praesertim
867 3718 953 3802 apud
972 3719 1140 3802 sumptores
1169 3720 1239 3786 aevi
1260 3720 1423 3805 byzantini
1444 3720 1578 3787 adnota-

455 3826 503 3891 vit
523 3823 700 3891 Lobeckius
720 3826 755 3889 in
776 3823 984 3911 Aglaophp.
1007 3830 1069 3892 216
1089 3830 1122 3891 et
1142 3825 1278 3909 Paralip.
1301 3849 1331 3911 p.
1355 3832 1425 3905 550,
1450 3825 1585 3911 (iniuria

456 3927 550 3995 oredo
580 3927 757 4011 inpugnata
784 3948 804 3992 a
833 3927 1041 4013 Bernhardyo
1077 3951 1103 3993 r.
1134 3928 1170 3993 ol.
1199 3929 1234 3993 in
1262 3928 1397 4012 Paralip.
1429 3933 1510 4014 synt.
1537 3950 1584 4015 gr.

456 4057 487 4120 p.
510 4040 582 4121 36),
612 4036 648 4099 in
667 4037 757 4099 tanta
778 4039 944 4115 praeterea
963 4034 1126 4117 scriptoris
1148 4035 1262 4100 harum
1281 4034 1502 4117 quaestionum
1524 4056 1580 4101 ne-

455 4140 631 4228 glegentia‘,¹
657 4158 721 4205 non
748 4134 845 4204 semel
872 4137 1012 4202 saniores
1039 4138 1179 4205 melioris
1209 4137 1324 4205 aetatis
1345 4135 1464 4202 formas
1485 4136 1581 4203 oblit-

456 4316 666 4329 —·--——

524 4426 551 4491 *1
569 4425 751 4500 Ὀφθαλμούς
761 4426 855 4481 ἑστιᾶν
867 4424 931 4477 dixit
945 4424 1057 4477 Basilius
1072 4426 1105 4477 de
1117 4426 1169 4494 leg.
1182 4428 1239 4481 libr.
1252 4436 1321 4494 gent.
1337 4426 1399 4481 at:
1411 4423 1450 4495 μὴ
1466 4426 1584 4497 ὀφθαλ-

455 4512 527 4589 μοὺς
543 4514 636 4567 ἑστιᾶν
659 4521 718 4576 ταῖς
742 4508 856 4573 ἀτόποις
880 4514 936 4565 τῶν
954 4517 1174 4582 θαυματοποιῶν
1193 4515 1358 4575 ἐπιδείξεσιν
1375 4521 1401 4567 et
1418 4514 1581 4571 Theodorei.

456 4606 501 4661 rel.
520 4606 579 4661 hist.
599 4620 625 4672 p.
650 4606 715 4658 1151
734 4610 883 4679 νομοθετεῖ
898 4608 955 4664 τοῖς
973 4601 1135 4674 ὀφθαλμοῖς
1152 4631 1185 4644 -
1201 4601 1272 4677 μήτε
1291 4612 1328 4675 τῷ
1346 4608 1468 4679 οὐρανίῳ
1485 4602 1584 4660 κάλλει

455 4696 556 4764 καὶτῷ
574 4698 629 4749 τῶν
645 4692 769 4767 ἀστέρων
787 4694 950 4761 ἑστιαθῆναι
964 4694 1048 4763 χορῷ.
1093 4696 1168 4761 Apud
1189 4694 1327 4749 libanium
1346 4694 1448 4761 ἑστιᾶν,
1470 4692 1584 4765 εὐωχεῖ·

378 4797 382 4804 ·
455 4792 524 4841 σθαι
541 4786 636 4840 similia
653 4800 735 4837 sensu
751 4784 864 4849 figurato
882 4789 1007 4853 usurpata
1024 4784 1150 4839 omnibus
1166 4784 1270 4853 paginis
1289 4789 1439 4838 occurrunt
1484 4820 1487 4827 ·
