3700 5625
930 625 1143 694 ...10-

474 789 693 876 redlntegrere
715 787 896 866 conabatur.
931 789 1139 860 Memorabile
1160 789 1492 880 huiusneglegentia'e
1505 814 1611 861 exem

475 897 576 980 plum,
603 895 687 964 unde
716 895 826 962 statim
845 894 963 974 discas,
991 915 1086 979 quam
1108 893 1244 962 ridicule
1262 896 1306 962 sit
1325 896 1423 964 ouilia
1447 897 1514 963 ista
1536 897 1612 965 sori·

475 1003 588 1070 barum
607 1001 804 1085 superstitio,
825 1001 861 1066 in
879 1004 1030 1083 promptu
1048 1004 1099 1067 est
1119 1000 1154 1067 in
1175 997 1250 1065 (lod.
1270 999 1370 1079 Flos,
1391 1000 1487 1068 cuius
1507 1001 1613 1070 aoriba

475 1108 500 1188 I,
525 1115 562 1177 10
584 1103 805 1197 πρωτοαίμτσν
820 1105 928 1189 posuit
948 1125 1007 1187 pro
1028 1099 1259 1193 πριοτσκύμωα
1278 1109 1312 1172 ct
1332 1103 1373 1184 II,
1394 1111 1434 1172 17
1446 1121 1511 1188 pro
1525 1102 1609 1170 uerri

478 1231 653 1300 σαρατστην
670 1214 848 1277 monstrum
866 1210 993 1292 peperit
1014 1204 1184 1297 ἷοδραπτα
1213 1207 1342 1294 (Iacobo
1354 1208 1376 1278 l
1390 1208 1414 1276 l.
1427 1229 1460 1293 p.
1479 1208 1540 1288 LI,
1553 1210 1614 1296 bb)

561 1313 734 1380 Ut-antom
755 1313 790 1378 in
821 1311 984 1378 codicibus
1006 1309 1043 1376 ἐκ
1063 1315 1097 1376 et
1119 1305 1167 1388 εἷς
1188 1309 1441 1381 describentium
1469 1311 1615 1380 socordia

476 1426 595 1488 temere
625 1420 720 1486 mista
748 1425 836 1498 sunt,
864 1417 947 1486 adeo
972 1422 1010 1482 nt
1036 1415 1226 1501 aliquotiens
1255 1416 1291 1482 ἐκ
1318 1419 1405 1485 inter
1434 1416 1612 1484 acribarum

477 1541 589 1588 manus
618 1541 690 1586 com
710 1524 824 1604 quarto
846 1539 921 1586 casu
941 1516 1031 1602 iungi
1059 1514 1180 1595 videas,
1202 1515 1472 1606 quemadmodum
1492 1515 1611 1584 nuum

478 1631 528 1693 est
544 1627 579 1692 in
600 1625 667 1692 cod
688 1623 787 1692 Pelet.
803 1628 879 1702 283,
900 1621 957 1690 ubi
976 1624 1010 1689 in
1031 1621 1140 1692 libello
1162 1621 1202 1688 de
1223 1621 1345 1690 ocorilte
1367 1623 1429 1689 viv.
1446 1629 1545 1706 41mo
1564 1619 1610 1699 εἰς

479 1724 745 1818 τεσσαρακοστὸν
767 1720 842 1804 ἔτος
858 1729 1023 1792 exaratum
1043 1723 1130 1790 vides
1145 1721 1182 1790 ἔκ
1197 1721 1472 1813 τεσσαρακοστὸν
1493 1717 1610 1809 ἴσας’),

477 1833 524 1898 ita
549 1851 677 1914 prorsus
698 1828 832 1913 perinde
860 1833 910 1896 est
939 1829 975 1894 iu
1003 1826 1154 1894 clausulis
1173 1826 1399 1894 vocabulorum
1428 1831 1541 1892 unum
1568 1823 1611 1890 ὅτ

479 1959 522 2006 an
544 1935 589 2011 ῶξ
611 1959 651 2002 ex
670 1936 763 2002 libris
783 1933 978 2018 proferetur,
1009 1945 1091 2019 qnae
1111 1955 1176 2000 nno
1198 1955 1300 2017 paene
1331 1933 1511 2018 eodemque
1539 1951 1608 1999 con·

479 2040 595 2123 pendio
623 2039 721 2106 scribi
748 2060 842 2106 nemo
871 2039 1010 2124 ignorat,
1038 2039 1094 2122 qui
1119 2038 1275 2105 librorum
1302 2039 1490 2105 testimonia
1514 2037 1611 2104 oculis

480 2141 578 2208 semel
594 2141 802 2223 usurpaverit
848 2139 965 2225 Ingens
983 2139 1058 2206 inde
1079 2139 1115 2205 in
1134 2145 1278 2206 veterum
1298 2142 1428 2224 scriptis
1442 2139 1611 2226 pullularit

416 2253 432 2284 ·
479 2265 622 2316 errorum
638 2244 768 2324 soboles
785 2250 817 2311 et
832 2245 887 2328 qui
903 2245 1096 2327 conpererit,
1112 2266 1207 2329 qnam
1222 2245 1357 2312 mirifica
1369 2247 1405 2313 in
1418 2247 1483 2314 hoo
1495 2265 1608 2332 genere

442 2383 445 2389 ·
480 2351 521 2416 sit
544 2357 576 2418 et
601 2351 750 2418 vitiorum
778 2351 958 2416 constantia
980 2355 1013 2416 et
1032 2350 1246 2417 remediorum
1266 2350 1495 2435 aequabilitas,
1525 2350 1608 2420 facili

480 2460 607 2542 negotio
630 2456 785 2542 quidquid
806 2479 938 2543 aegrum
959 2462 1022 2536 est,
1045 2457 1130 2524 inter
1150 2457 1319 2543 legendum
1340 2457 1408 2524 iere
1430 2459 1567 2526 sanabit

566 2560 673 2626 Unum
707 2559 843 2628 adiciam
881 2560 1061 2643 exemplum
1095 2584 1113 2627 e
1145 2562 1212 2627 vita
1245 2559 1405 2641 Demetri,
1443 2563 1502 2630 ubi
1540 2583 1609 2628 cum

482 2681 549 2745 cap.
570 2668 589 2730 5
610 2681 724 2744 parum
745 2666 819 2744 apte
845 2665 883 2726 nt
908 2662 1021 2744 opinor
1042 2661 1223 2728 Demetn'us
1248 2662 1371 2727 iuvenis
1393 2665 1531 2746 πρῶτον
1550 2653 1608 2727 αὖ·

481 2765 623 2847 vorstede
646 2764 703 2835 ἐστὶ
726 2760 900 2858 πράγμασι
922 2762 1082 2854 μεγάλοις
1103 2759 1294 2851 ἁπτόμενος
1323 2771 1396 2854 post
1424 2766 1550 2835 cladem
1577 2765 1610 2831 in

482 2888 588 2955 pugna
616 2866 750 2935 Gazenei
780 2872 944 2951 acceptam
977 2868 1102 2935 dicatur
1130 2868 1187 2935 καὶ
1216 2863 1334 2947 πάθος
1363 2861 1403 2935 οὔ
1429 2863 1607 2959 μειρακίου

481 3081 570 3147 tiana
589 3102 607 3147 e
628 3100 700 3145 mee
721 3079 912 3157 coniectura,
931 3080 984 3145 cui
1002 3101 1096 3147 nemo
1110 3079 1349 3162 obtemperavit
1369 3080 1486 3164 scripsi
1508 3074 1606 3168 πρά·

483 3182 598 3261 ξεων,
629 3181 726 3266 idque
752 3202 837 3249 nunc
861 3187 1032 3268 posquam
1060 3182 1267 3267 permittente
1287 3184 1470 3266 Friderico,
1497 3202 1608 3269 magno

481 3286 561 3355 duce
582 3284 757 3365 Badnrum,
778 3287 929 3355 iteratam
956 3287 1074 3353 codicis
1090 3288 1233 3355 Palatini
1255 3292 1318 3356 283
1339 3289 1381 3354 ob
1401 3312 1450 3354 ree
1471 3288 1607 3375 quaedum

481 3396 620 3457 munimur
639 3412 754 3473 parum
775 3390 851 3458 olim
871 3397 1006 3471 curatas,
1027 3392 1153 3457 institui
1173 3393 1392 3472 conlationem
1412 3392 1516 3480 fragis
1534 3410 1608 3459 sane

428 3538 433 3547 ·
459 3490 465 3496 ''
481 3518 546 3563 non
566 3517 696 3579 prorsus
715 3502 894 3581 expertem,
921 3496 1104 3581 planissime
1132 3496 1353 3565 confirmatum
1381 3499 1522 3584 cogncsi.
1563 3496 1607 3561 Ac
1671 3493 1672 3496 ’

481 3601 606 3669 videtur
626 3623 701 3671 sane
723 3603 783 3670 iste
804 3602 917 3682 codes,
950 3624 1045 3688 quem
1073 3603 1109 3669 in
1129 3605 1256 3687 scriptis
1277 3604 1466 3686 moralibus,
1494 3603 1554 3672 etsi
1573 3602 1606 3667 io

482 3710 639 3777 communi
666 3716 752 3779 secta
781 3709 1012 3796 quodammode
1042 3710 1180 3790 excellit,
1221 3711 1263 3775 ad
1294 3712 1439 3793 peiorum
1466 3707 1635 3787 mulien,

482 3807 672 3877 descendere
698 3809 903 3893 pravitatem,
941 3809 1040 3875 utin
1070 3809 1131 3875 hao
1160 3812 1246 3874 certe
1274 3813 1367 3890 parte
1403 3809 1527 3876 relicua
1553 3826 1608 3873 sna

480 3911 573 3981 laude
596 3914 690 3996 plane
711 3912 859 3997 indignus
881 3913 1003 3981 censeri
1025 3913 1156 3991 debeat,
1183 3912 1219 3978 in
1245 3913 1309 3979 rita
1332 3914 1477 3983 Demetri
1504 3910 1607 3980 nesmo

482 4034 546 4102 quo
564 4034 639 4081 casu
660 4032 724 4078 non
746 4034 785 4082 ea
806 4032 871 4097 qua
888 4033 948 4095 par
974 4018 1045 4081 erat
1065 4011 1209 4079 conlatus
1230 4034 1299 4081 esse
1319 4015 1481 4100 religione.
1528 4010 1607 4079 Nam
1631 4071 1637 4090 ,

482 4135 674 4202 quamquam
696 4112 806 4192 etiem,
828 4117 865 4180 ut
885 4112 1028 4195 apertius
1054 4111 1159 4179 dicam
1180 4150 1224 4162 -
1244 4135 1360 4200 graeca
1383 4113 1469 4186 erim
1488 4133 1541 4181 res
1561 4112 1608 4175 eat

482 4218 563 4283 nihil
583 4214 687 4281 velare
708 4252 751 4263 —
769 4215 803 4279 in
824 4212 896 4279 aliis
917 4214 992 4280 vitis
1013 4213 1130 4297 partim
1145 4215 1305 4302 grauiores
1323 4215 1481 4301 quaedam
1490 4214 1603 4280 discre-

483 4321 610 4403 pautiae
632 4320 789 4387 editorum
810 4319 961 4404 fugerunt
981 4320 1194 4406 diligentiam
1220 4323 1340 4406 purtim
1361 4343 1443 4406 quae
1462 4323 1606 4395 enotatas

483 4430 556 4492 sunt
584 4424 736 4493 lectiones
765 4426 912 4510 ambigue
941 4425 1109 4492 scribendo
1137 4427 1190 4493 hic
1215 4428 1282 4494 illic
1312 4427 1498 4495 obscuratae
1528 4424 1605 4498 anub

483 4537 589 4599 tamen
610 4530 645 4595 in
665 4528 753 4597 nulla
771 4529 837 4595 vita
858 4527 960 4615 magis
990 4526 1115 4593 videtm
1141 4527 1325 4608 dolendum,
1350 4526 1436 4615 quod
1463 4525 1603 4611 aliquan-

431 4666 437 4677 *
550 4694 579 4763 *l
591 4694 658 4748 Hinc
672 4696 766 4748 merito
776 4697 904 4764 auspicari
915 4696 992 4762 licet,
1011 4695 1132 4749 codicem
1145 4697 1306 4765 descriptum
1318 4712 1380 4751 essa
1391 4710 1424 4749 ex
1438 4694 1509 4751 libre
1519 4691 1612 4747 urant

485 4783 617 4847 quadratis
637 4788 750 4839 ennio.
