3700 5625
919 636 1133 700 ...12-

466 798 610 879 Μνείαις
630 803 765 870 relatum
786 805 835 883 sit,
855 825 1049 891 magnopere
1068 801 1240 869 verendum
1260 803 1316 877 est,
1338 819 1379 864 ue
1403 796 1497 882 quale
1521 817 1602 862 esse

463 899 563 986 possit
582 926 697 972 nomen
717 907 781 974 loci
808 909 843 972 in
864 913 1030 974 aeternum
1050 907 1164 981 lateat,
1197 902 1259 968 nisi
1285 923 1360 968 casu
1380 900 1521 985 quodam
1543 899 1603 963 vel

321 1003 332 1028 '
463 1009 549 1074 tituli
570 1010 703 1076 alicuius
732 1010 850 1076 indicio
872 1033 889 1077 e
910 1011 1043 1076 latebris
1070 1013 1267 1091 protractum
1289 1005 1395 1070 fuerit
1438 1002 1522 1080 Nec,
1547 1003 1596 1066 si-

463 1113 533 1197 quis
560 1113 642 1180 forte
671 1115 750 1179 haec
779 1119 890 1196 utpote
921 1136 942 1179 a
970 1113 1036 1180 solo
1066 1112 1237 1178 Plutarcho
1265 1109 1386 1176 tradita
1416 1112 1598 1189 suspectat,

464 1212 578 1279 desunt
602 1213 746 1295 exempla
780 1215 915 1280 aliomm
941 1216 1145 1297 scriptorum,
1166 1212 1350 1297 peculiaria
1370 1212 1531 1295 quaedam
1552 1211 1601 1277 de

464 1318 627 1384 Musarum
647 1338 778 1384 numero
800 1340 970 1404 earumque
999 1320 1103 1386 officio
1131 1323 1311 1385 commenta
1337 1316 1601 1384 memorantium,

465 1420 523 1498 lta
542 1426 578 1484 ut
597 1421 657 1486 hoo
678 1427 758 1501 utar,
779 1424 872 1490 unius
894 1425 1041 1504 Oomuti,
1070 1447 1165 1508 quem
1186 1443 1261 1490 sane
1284 1427 1318 1488 et
1338 1422 1417 1488 alies
1439 1421 1600 1486 novitatis

466 1528 603 1610 speciem
623 1533 766 1611 captasse
787 1533 977 1613 reperimus,
999 1532 1113 1596 nititur
1133 1530 1330 1606 testimonio,
1361 1528 1440 1594 duas
1464 1532 1599 1593 tantum

466 1631 552 1713 apud
573 1632 726 1715 quosdam
747 1636 881 1702 inveniri
900 1636 1021 1712 Musas,
1051 1636 1165 1719 quibus
1190 1655 1211 1699 a
1240 1631 1468 1698 considerando
1490 1629 1600 1696 effici-

466 1734 609 1820 endoque
636 1737 773 1805 'lheoria
800 1745 832 1806 et
853 1739 963 1805 Praxis
989 1740 1119 1805 nomina
1139 1737 1243 1804 indita
1263 1736 1390 1802 fuerint.
1434 1735 1597 1818 Itemque,

466 1835 557 1901 utin
579 1837 748 1904 Plutarcho
781 1862 831 1906 me
862 1842 1055 1918 contineam,
1084 1838 1169 1923 quod
1189 1839 1287 1903 trium
1308 1838 1471 1903 Musarum
1495 1857 1601 1901 unam

432 1939 435 1948 “
467 1940 552 2024 apud
574 1941 735 2026 Sicyonios
754 1943 853 2008 refert
869 1944 1062 2025 adpellatam
1073 1965 1142 2009 esse
1156 1941 1399 2026 Polymathiam,
1422 1938 1508 2004 haud
1528 1939 1600 2003 scio

468 2067 510 2110 an
525 2046 614 2110 nulla
626 2045 708 2110 alius
721 2047 885 2127 scriptoris
902 2047 1068 2112 adiuvetur
1088 2044 1158 2112 fide.
1203 2046 1248 2110 Ac
1267 2044 1416 2110 similiter
1430 2042 1597 2110 desidera-

467 2157 521 2217 tur
543 2152 647 2218 adhuc
667 2153 821 2219 indicium
842 2154 923 2219 alius
942 2158 1088 2233 auctoris,
1107 2175 1169 2238 quo
1188 2153 1257 2218 iure
1279 2151 1466 2218 Plutarchus
1486 2151 1601 2216 Musas

468 2252 586 2332 Neten,
608 2257 730 2334 Mosen,
753 2257 901 2342 Hypaten
930 2256 1102 2339 aDelphis
1129 2256 1171 2321 ad
1197 2261 1262 2321 tres
1291 2255 1443 2337 sphaeras
1470 2254 1596 2338 signifi-

448 2357 587 2442 candas
608 2358 781 2424 translatas
809 2380 877 2424 esse
899 2381 963 2424 uon
992 2361 1060 2424 sine
1081 2358 1284 2424 obscuritatis
1304 2355 1442 2440 quadam
1464 2357 1596 2422 affecta-

470 2463 556 2527 tione
578 2460 763 2540 uadiderit,
785 2461 870 2545 quod
892 2485 955 2547 quo
970 2468 1112 2546 tompore
1124 2483 1185 2527 usu
1199 2462 1321 2547 venerit
1336 2481 1480 2544 quaeque
1495 2459 1600 2524 trium

471 2560 586 2624 harum
607 2561 769 2626 Musarum
790 2561 908 2627 hierint
936 2563 1076 2641 nomina,
1107 2584 1171 2628 non
1200 2563 1301 2646 magis
1322 2566 1519 2644 compertum
1540 2567 1601 2638 est,

469 2687 565 2750 quam
586 2665 670 2750 quod
692 2665 777 2732 idem
800 2667 884 2734 solus
899 2669 1095 2748 Plutarchus,
1115 2691 1173 2752 pro
1191 2669 1295 2734 tribus
1316 2666 1493 2751 disciphuis
1513 2666 1596 2732 libe·

470 2767 592 2836 ralibus
629 2767 863 2852 philosophiae,
901 2769 1072 2849 oratoriae,
1100 2771 1293 2847 matheseos,
1323 2767 1498 2852 antiquitus
1526 2771 1598 2831 tres

472 2869 579 2935 Musas
599 2868 785 2949 substitutas
806 2869 901 2936 finisse
923 2871 1021 2950 dixit,
1045 2894 1127 2955 quae
1155 2890 1265 2937 recens
1294 2869 1458 2936 ficta'sint
1477 2891 1519 2935 an
1541 2890 1594 2934 ve-

469 2973 538 3033 tere
555 2968 692 3051 quadam
713 2969 800 3035 sama
818 2971 948 3053 prodita
968 2994 1033 3038 non
1054 2973 1147 3039 facile
1169 2973 1336 3057 quisquam
1355 2992 1414 3054 pro
1434 2976 1599 3053 comperto

473 3073 598 3137 dixerit.
640 3074 708 3151 Quo
730 3076 831 3159 magis
853 3075 986 3143 inducor
1006 3077 1047 3142 ad
1067 3075 1266 3154 credendum,
1287 3076 1428 3160 singidas
1441 3075 1597 3145 Graeciae

473 3177 582 3255 urbes,
605 3181 642 3241 ut
669 3176 708 3241 de
732 3179 804 3243 aliis
837 3178 897 3244 diis
925 3181 1121 3263 deabusque,
1147 3181 1195 3245 ita
1224 3180 1264 3246 de
1292 3180 1392 3245 Musis
1419 3179 1599 3263 peculiares

473 3278 627 3365 quasdam
640 3299 678 3344 ac
692 3281 839 3361 proprias
855 3303 928 3349 suas
939 3283 1088 3349 habuisse
1103 3285 1246 3350 notiones
1262 3284 1411 3370 (Creuzer
1429 3284 1534 3369 Symh.
1543 3283 1596 3349 III

473 3402 504 3465 p.
526 3383 610 3467 295).
653 3381 727 3447 Aha
747 3382 883 3449 aliomm
895 3384 1091 3467 peculiaria,
1113 3392 1149 3451 ut
1168 3387 1210 3453 ad
1231 3409 1300 3453 rem
1316 3392 1517 3470 praesentem
1538 3408 1594 3469 pa-

472 3512 544 3554 rum
559 3490 744 3568 necessaria,
766 3489 868 3555 sciens
889 3491 1003 3557 omitto
1024 3491 1065 3557 ob
1086 3492 1258 3561 subiectam
1270 3500 1434 3559 auctorum
1451 3490 1597 3579 fidem*).

472 3594 561 3670 Quae
585 3615 656 3659 cum
675 3596 723 3661 ita
743 3596 819 3673 sint,
840 3595 867 3661 si
889 3596 1043 3679 sapimus,
1064 3597 1221 3665 fateamur
1241 3619 1369 3664 necesse
1391 3602 1453 3674 est,
1473 3598 1598 3663 nescire

474 3713 532 3757 nos
560 3692 722 3760 Musarum
756 3720 838 3781 quae
866 3698 1017 3765 dicuntur
1046 3703 1174 3764 Μνεῖαι
1203 3699 1309 3773 sedes,
1348 3700 1436 3765 cuius
1467 3698 1597 3784 quidem

475 3796 674 3879 ignorantiae
700 3797 779 3863 illud
810 3803 1023 3885 gratissimum
1051 3802 1113 3869 erit
1141 3801 1307 3879 solarium,
1338 3803 1442 3885 ipsum
1462 3805 1597 3870 fortasse

476 3897 688 3975 Plutarchum,
707 3904 849 3982 quamvis
865 3926 922 3970 sua
934 3928 1029 3988 saepe
1048 3929 1090 3972 ex
1101 3905 1232 3971 remotis
1252 3905 1506 3994 oblitteratisque
1527 3910 1592 3975 fon-

355 4073 358 4079 ,
476 4004 562 4071 tibus
583 4003 790 4082 haurientem,
811 4027 874 4071 non
895 4010 994 4075 multo
1016 4010 1109 4075 nobis
1129 4010 1164 4073 in
1188 4010 1239 4076 his
1259 4013 1353 4079 rebus
1374 4014 1470 4081 fuisse
1491 4016 1594 4081 erudi-

476 4111 591 4177 tiorem
612 4109 663 4176 rel
691 4108 866 4193 quemlibet
891 4132 989 4178 unum
1010 4136 1028 4180 e
1049 4135 1144 4199 grege
1171 4138 1294 4196 eorum,
1322 4120 1377 4202 qui
1403 4120 1456 4186 hic
1483 4142 1599 4187 nomen

475 4212 536 4277 loci
568 4209 737 4277 undeunde
769 4212 925 4279 extricare
955 4220 1198 4299 temptaverunt.
1255 4222 1362 4299 Quare
1389 4244 1429 4288 ne
1461 4224 1594 4309 Amyoto

479 4378 683 4392 Μ...-

547 4480 573 4541 *i
593 4484 722 4537 Adcurate
741 4486 775 4538 de
794 4485 836 4538 his
856 4484 1039 4552 similibusque
1056 4487 1307 4558 Mythographorum
1331 4492 1365 4542 de
1388 4492 1520 4545 Musarum
1539 4494 1595 4545 olfi-

476 4572 525 4624 siis
545 4585 687 4636 earumque
711 4588 820 4627 numero
846 4575 970 4627 disseruit
987 4576 1111 4629 Peterson
1135 4578 1185 4639 (Fr.
1206 4577 1290 4642 Chri),
1319 4579 1505 4633 delineatum
1527 4584 1595 4647 apud

478 4660 592 4713 Graecos
610 4659 724 4725 origiue,
744 4677 853 4717 numero
872 4662 1076 4730 nominibusque
1100 4664 1232 4729 (Minici,
1255 4665 1424 4718 Miscellsues
1445 4668 1597 4721 Hatriensis

478 4746 485 4795 ¹
504 4760 530 4810 o·
546 4746 579 4799 86
597 4748 665 4810 uuo-i

509 5047 1248 5345 mn
