3700 5625
942 636 1154 702 ..35-

479 804 548 870 loeo
569 801 664 882 VIII,
689 809 740 881 10,
764 807 783 870 3
804 823 834 886 p.
857 806 958 870 1351.
1011 801 1050 866 In
1079 801 1129 868 his
1160 821 1231 868 eum
1260 799 1438 884 antiquitus
1465 793 1614 880 volgetun·

481 905 639 994 γλεύκους
660 907 725 988 (ita
745 912 831 973 recte
853 904 977 994 Steph.)
1009 905 1045 971 δὲ
1067 904 1197 986 ζέοντος
1228 897 1293 969 del
1317 896 1616 989 άιγαιρεῖσθαι

481 1007 537 1073 καὶ
553 1006 629 1086 τούς
643 1004 783 1097 ἐργάτας
806 1005 960 1087 δεδιότας
976 1001 1115 1097 ὅριόμεν,
1135 1007 1272 1074 editores
1288 1007 1435 1072 certatim
1452 1003 1615 1086 corrigere

435 1183 438 1187 ,
482 1112 623 1198 adgressi
645 1119 719 1178 sunt
741 1107 978 1201 ἀφαιρεῖσθαι,
1001 1113 1153 1178 nimirum
1170 1111 1258 1196 quod
1277 1110 1399 1194 priscae
1414 1107 1501 1172 illius
1521 1109 1613 1170 aeta·

483 1217 525 1280 tis
545 1215 733 1281 domesticos
763 1236 827 1279 non
851 1214 931 1282 adeo
956 1214 1018 1280 sibi
1040 1213 1163 1279 furaces
1189 1213 1285 1280 fiiisse
1306 1210 1546 1294 persuasemnt,
1574 1208 1616 1269 ut

483 1318 519 1382 in
542 1338 652 1382 caveas
675 1317 873 1385 dominorum
902 1317 979 1383 boni
999 1317 1112 1384 malive
1136 1316 1257 1400 aliquid
1279 1314 1345 1379 vini
1366 1310 1493 1378 firrandi
1515 1328 1617 1373 causa

484 1421 728 1487 descendissent.
772 1421 872 1488 Credo
890 1444 951 1507 ego
970 1443 1079 1487 omnes
1099 1422 1239 1487 omnium
1259 1423 1400 1485 aetatum
1422 1407 1616 1481 domesticos

486 1525 612 1590 easdem
632 1547 756 1609 semper
775 1527 906 1594 incudes
927 1527 1097 1605 tutudisse,
1120 1525 1204 1610 quod
1222 1523 1372 1607 perdaoile
1402 1525 1450 1586 est
1470 1515 1616 1600 experiri

484 1629 633 1709 cupienti.
678 1629 791 1713 Itaque
811 1630 893 1695 nihil
915 1628 1058 1712 profecto
1077 1628 1157 1694 mihi
1177 1627 1230 1692 hic
1253 1625 1454 1691 commissum
1474 1619 1614 1695 videtur,

484 1753 582 1814 quare
609 1732 651 1797 ad
676 1735 807 1800 verbum
829 1727 1057 1824 deturpabitur
1087 1731 1307 1818 corrigendum
1331 1727 1544 1812 perfugato,
1573 1725 1614 1786 Ul

486 1856 568 1901 unus
582 1842 681 1903 restet
696 1839 803 1904 hiatus
822 1840 1034 1906 intolerabilis
1048 1841 1133 1905 inter
1147 1831 1201 1904 dat
1215 1831 1498 1923 σ1άφαιρεῖσθαι,
1515 1848 1615 1912 quem

485 1938 592 2003 nescio
612 1960 655 2004 an
673 1940 784 2022 inepta
801 1941 913 2006 vocula
932 1935 987 2006 dal
1007 1945 1130 2006 remota
1156 1939 1205 2005 ita
1226 1942 1313 2004 recte
1332 1933 1462 2019 regulae
1484 1950 1609 1996 accom-

486 2041 921 2132 11111111111111γ11ύκους
938 2046 974 2114 δὲ
991 2033 1157 2126 ζέοντός
1179 2033 1612 2130 τιάφαιρεῖσθαικτλ.

575 2148 666 2226 Quod
687 2150 726 2216 de
747 2149 878 2217 ferendo
905 2151 1027 2217 hiatu
1019 2172 1053 2215 1n
1074 2150 1253 2216 nominibus
1274 2146 1411 2230 propriis
1440 2141 1508 2208 dixi
1527 2137 1618 2206 idem

485 2254 588 2336 accipi
608 2255 679 2320 volo
708 2256 748 2323 de
775 2256 1113 2338 verbisVI,7,1p
1137 2253 1309 2333 6111111
1344 2245 1617 2318 consentientibus

484 2356 577 2422 libris
595 2357 742 2423 omnibus
763 2354 934 2444 legitur
904 2382 937 2422 οι
960 2358 997 2424 δὲ
1013 2354 1156 2422 παλαιοὶ
1178 2354 1234 2420 καὶ
1255 2350 1385 2442 τρύγα
1406 2348 1477 2416 τόν
1498 2337 1617 2413 οἶνον

487 2449 640 2548 άντικρυς
659 2458 808 2541 ἐκάλουν,
832 2456 947 2550 ὥσπερ
969 2457 1077 2583 ψμχὴν
1099 2459 1155 2526 καί
1180 2455 1327 2546 κεφαλὴν
1349 2453 1405 2522 τδν
1426 2445 1616 2543 όίνθρωπον

487 2558 708 2646 εἰώθαμεν
687 2560 757 2629 απὸ
777 2568 840 2630 τῶν
862 2561 1073 2653 κυριωτάτων
1099 2557 1382 2650 ὑποκορίζεσθαι,
1412 2556 1469 2624 καί
1490 2557 1618 2647 τρυγᾶν
1698 2601 1699 2632 ,

486 2665 624 2753 λέγομεν
646 2667 723 2746 ’τούς
739 2669 965 2757 δρεπομένους
987 2667 1044 2756 τήν
1060 2664 1244 2754 ἀμπελίνην
1264 2661 1403 2755 ὀπώραν
1423 2662 1492 2730 καὶ
1516 2663 1616 2728 δια-
1698 2703 1699 2708 1

487 2764 659 2857 τρύγιόν
690 2794 770 2837 που
793 2768 976 2860 ’Όμηρος
1007 2767 1193 2861 εἴρηκεν,
1221 2771 1255 2835 in
1283 2768 1397 2853 quibus
1425 2764 1619 2833 Benselerus

486 2894 621 2957 propere
655 2901 723 2941 που
748 2877 784 2942 in
813 2873 919 2943 τόπον
950 2876 1139 2943 mutandum
1173 2874 1369 2957 opinabatur.
1419 2870 1492 2937 Non
1519 2867 1619 2937 oredo

486 2981 634 3063 equidem
656 2981 718 3047 hoc
736 2982 867 3065 probari
887 3004 993 3065 posse,
1016 2980 1071 3047 sed
1092 2985 1223 3063 propter
1244 2977 1379 3044 sentent
1371 2999 1420 3043 111
1439 2976 1548 3043 labem
1568 2973 1616 3039 le-

485 3080 624 3167 gendum
645 3103 711 3149 esse
731 3081 788 3169 τὴν
803 3072 1027 3167 άμπελίνηυ’
1009 3075 1146 3169 οπιύραν
1168 3070 1214 3165 ἣν
1237 3074 1308 3143 καί
1330 3071 1522 3193 διατρύγιόν
1545 3097 1617 3139 που

479 3180 679 3273 Ἡθμηρος
652 3182 1128 3272 ειρηκεν.1111111ιατρύγιον
1150 3205 1214 3249 non
1234 3182 1393 3249 1111111111
1416 3180 1498 3246 sumi
1519 3199 1616 3262 posse

487 3291 558 3357 de
547 3312 617 3373 lpso
638 3292 712 3357 vino
733 3298 766 3358 11
786 3292 943 3357 Homerus
971 3292 1116 3357 demonst
1102 3295 1167 3356 trat
1195 3296 1228 3355 et
1247 3288 1450 3353 disertiust
1417 3286 1517 3352 etiam
1538 3305 1613 3368 pro-

485 3393 573 3460 xima
600 3394 698 3461 verba
725 3387 859 3460 αυτὸν
888 3393 932 3460 δὲ
960 3391 1029 3460 τὸν
1064 3385 1182 3459 οἶνον
1212 3389 1348 3459 α’ίθυπα
1381 3392 1437 3455 καί
1469 3386 1619 3479 ἐρυθρόν

487 3497 592 3568 attede
621 3502 747 3581 καλεῖν,
780 3506 817 3567 ut
847 3502 1009 3569 verissime
1043 3502 1150 3567 docuit
1180 3500 1376 3567 Benselerus.
1425 3497 1553 3584 Neque,
1588 3499 1619 3563 si

485 3603 691 3669 Plutarchum
710 3604 879 3687 sumpsisse
894 3624 1057 3669 censemus
1074 3596 1265 3692 διατρύγιος
1286 3601 1326 3667 ab
1338 3601 1476 3667 Homero
1496 3600 1621 3667 alicubi

487 3700 527 3765 de
561 3702 630 3765 uvis
662 3704 796 3768 maturis
826 3706 1014 3786 usurpatum
1046 3701 1157 3779 fuisse,
1187 3720 1378 3784 magnopere
1415 3697 1623 3781 periclitatur

488 3805 650 3873 Eustathii
671 3810 842 3875 auctoritas
862 3809 904 3874 ad
925 3807 1034 3894 Odyss.
1052 3832 1092 3885 ω,
1118 3812 1193 3885 340,
1215 3828 1287 3872 oum
1308 3811 1436 3888 praeter
1450 3803 1621 3889 uolgarem

487 3907 632 3979 vocabuli
664 3913 974 3996 interpretationem,
1009 3918 1130 3979 temere
1169 3916 1332 3995 arreptam
1363 3910 1403 3976 ab
1433 3908 1619 3991 Apollonio,
1696 3948 1697 3957 1

486 4018 698 4110 διατρυγίσυς
725 4012 842 4109 όρχους
870 4022 934 4090 dici
963 4020 1040 4101 τούς
1066 4017 1221 4101 aalma,
1255 4013 1342 4085 ἀλλὰ
1371 4015 1546 4097 τοιούτους
1566 4014 1620 4099 ὥς

484 4121 609 4206 μεταξὺ
638 4125 702 4190 τῶν
735 4124 820 4189 κατὰ
846 4124 888 4191 τὰ
917 4123 1007 4213 φυτὰ
1038 4120 1177 4206 στοίχων
1210 4120 1458 4213 παρεσπάρθαι
1487 4146 1521 4187 τι
1548 4128 1619 4191 τῶν

486 4219 662 4312 σπορίμων
692 4226 749 4293 καί
779 4224 858 4293 οἵων
888 4228 1097 4314 τρυγᾶσθαι,
1131 4226 1266 4293 alteram
1293 4225 1450 4292 veriorem
1476 4226 1620 4294 subiciat

485 4326 568 4393 111111
589 4327 780 4419 διατρύγιον
800 4331 978 4418 significare
1003 4324 1172 4414 ἷίμπελον,
1204 4319 1245 4420 ἧς
1274 4326 1306 4397 οἳ
1328 4329 1455 4420 καρποὶ
1478 4329 1513 4398 ἐν
1536 4333 1617 4399 δια-

487 4423 610 4517 φόροις
631 4436 762 4521 καιροῖς
784 4430 1019 4502 πεπαίνονται.
1055 4433 1101 4501 Ut
1121 4434 1186 4501 iam
1207 4439 1330 4502 veteres
1350 4435 1385 4501 in
1399 4436 1618 4519 explicatione

485 4534 580 4601 huius
599 4537 691 4616 vocis,
712 4540 830 4623 quippe
848 4560 907 4606 usu
922 4539 1122 4623 antiquatae,
1143 4539 1298 4606 titubasse
1318 4543 1470 4605 testatum
1491 4539 1618 4609 faciant
1695 4567 1696 4633 γ

485 4635 646 4705 discordes
666 4638 727 4704 hae
741 4640 903 4707 Eustathii
922 4640 1119 4725 aliorumque
1136 4641 1369 4725 explicationes.
1411 4639 1462 4705 Ad
1475 4641 1618 4709 alteram

486 4745 573 4809 certe
586 4740 895 4827 interpretationem,
917 4765 1014 4831 quam
1028 4744 1186 4829 principio
1206 4744 1381 4830 posuimus,
1403 4762 1617 4833 eorumquae
