3700 5625
905 570 1119 632 ...24-

535 739 856 823 06116661116666611
876 758 906 820 p.
923 741 943 804 3
962 735 1003 802 de
1022 735 1126 820 Symp.
1148 735 1227 815 Vll,
1249 742 1282 815 5,
1305 743 1369 820 2p.
1386 743 1476 804 ’1666
1497 756 1577 818 pro-
1679 718 1680 805 l

448 841 538 924 posui
553 835 692 930 ὥσπερ
714 833 1394 928 61Κυρηναϊκ61616111666οιύσπεραύ
1409 841 1578 922 γυναῖκες,
1679 818 1680 847 ¹

448 947 566 1011 iniuiia
586 947 699 1029 opinor
721 945 919 1026 vituperatee
940 965 960 1008 6
979 964 1107 1009 censore
1129 964 1200 1008 meo
1221 943 1393 1008 in'Zarnki
1414 943 1576 1025 Epheme·

447 1047 569 1112 ridibus
593 1049 673 1112 1862
696 1066 725 1126 p.
749 1049 823 1122 820,
855 1043 1085 1128 pondusculum
1116 1043 1214 1109 adioit
1239 1046 1307 1126 ipse
1329 1044 1519 1110 Plutarchus
1540 1045 1579 1109 in

413 1221 415 1226 ,
447 1158 526 1236 sept.
550 1172 615 1232 sep.
635 1171 721 1215 conv.
742 1171 772 1231 p.
790 1148 873 1215 1681
890 1143 1100 1240 ἀφροδισίων
1120 1149 1157 1215 ds*
1179 1150 1280 1214 νύκτα
1300 1148 1357 1215 καὶ
1378 1147 1465 1214 πολύ
1488 1173 1579 1238 προ·

448 1251 632 1340 βάλλονται
654 1250 782 1332 σκότος.
813 1252 864 1317 Ad
884 1259 952 1336 pb
973 1252 1055 1320 adde
1077 1253 1171 1339 Verg.
1195 1254 1306 1320 Moret.
1331 1262 1388 1322 74:
1411 1255 1578 1339 Grateque

448 1361 602 1427 nobilium
623 1360 748 1444 requies
776 1359 901 1424 lactuca
930 1359 1088 1439 eibornm;
1118 1359 1160 1425 od
1181 1380 1210 1443 p.
1235 1367 1253 1426 7
1276 1360 1316 1426 de
1338 1355 1464 1440 λάχανα
1485 1353 1575 1443 ἀμά,

448 1488 529 1552 quse
545 1465 699 1531 Clementi
712 1465 746 1530 in
753 1465 846 1530 Psed.
856 1465 889 1529 ll
896 1485 927 1548 p.
942 1471 1009 1543 173,
1023 1470 1063 1532 35
1072 1465 1106 1530 P.
1119 1486 1178 1548 pro
1192 1461 1423 1546 λαχάνωνένια
1439 1467 1577 1545 restitui,

449 1574 656 1642 conferendus
669 1580 717 1640 est
731 1574 845 1641 Athen.
853 1573 908 1640 IV.
914 1595 945 1656 p.
957 1574 1047 1641 140b
1063 1573 1161 1657 μάζα,
1179 1565 1289 1660 ἀρτος,
1306 1573 1415 1661 κρέας,
1433 1570 1579 1657 λάχανον
1681 1598 1682 1603 ’

449 1672 557 1759 ἀμόν,·
586 1698 617 1759 p.
640 1680 658 1742 8
681 1676 762 1742 adde
783 1676 933 1766 Themist.
955 1681 1101 1759 112616
1125 1677 1193 1754 πός
1212 1669 1230 1740 ό
1251 1673 1309 1741 ἐπὶ
1331 1678 1388 1763 γῆς
1409 1675 1466 1742 καὶ
1486 1671 1577 1766 ύπὲρ

449 1782 505 1868 γῆν
518 1779 638 1868 χρυσός
660 1773 778 1869 ἀρετῆς
798 1774 858 1845 οὐκ
876 1773 1046 1858 ἀντάξιος,
1071 1779 1127 1845 ubi
1148 1778 1228 1844 mihi
1249 1801 1313 1844 non
1334 1781 1481 1846 convenit
1502 1801 1577 1845 eum
1682 1846 1683 1853 ,

449 1883 566 1950 Cobeto
585 1884 746 1965 (Mnemos.
762 1887 842 1950 1862
857 1903 887 1965 p.
904 1887 979 1968 241)
996 1883 1194 1950 coniectante
1208 1877 1276 1948 ὑπὸ
1291 1887 1367 1970 7545,-
1385 1905 1416 1967 p.
1434 1892 1573 1951 166611-
1682 1872 1683 1899 .

447 1998 623 2052 memorare
636 1985 799 2063 debebam,
810 1985 944 2067 phrasin
954 1982 1210 2073 φιλανθρώπως
1219 1988 1369 2074 χρῆσθαί
1376 2012 1440 2052 τινι
1448 1993 1486 2053 ut
1494 1989 1577 2067 aliie,

448 2093 546 2160 veluti
562 2093 715 2170 Diodoro,
736 2094 771 2157 in
793 2091 916 2158 deliciis
938 2091 1035 2158 etiem
1061 2113 1128 2158 esse
1149 2092 1320 2158 Plutarcho
1338 2093 1392 2158 ofr.
1419 2094 1507 2160 Alex.
1525 2103 1575 2162 44.

448 2197 554 2281 Pomp.
572 2203 599 2265 9.
623 2196 722 2263 Crass.
742 2201 782 2264 30
806 2202 839 2263 66
857 2196 1052 2261 contrarium
1074 2190 1318 2284 ἀπανθρώπως
1340 2193 1490 2287 χρῆσθαί
1511 2223 1579 2264 τινι
1683 2192 1684 2197 ¹

448 2301 554 2385 Pomp.
581 2309 626 2369 16.
670 2300 760 2379 Quod
782 2322 846 2365 non
867 2301 914 2365 itu
935 2323 956 2366 6
976 2322 1028 2365 me
1047 2299 1167 2366 dietum
1187 2301 1333 2387 intellegi
1353 2302 1463 2380 velim,
1484 2305 1577 2388 qussi

448 2428 531 2471 nuno
553 2428 594 2472 un
616 2428 681 2472 non
695 2410 780 2470 recte
796 2410 882 2470 mota
896 2404 1000 2486 fuerit·
1013 2404 1146 2487 suspitio
1163 2404 1203 2469 de
1218 2405 1287 2470 looo
1305 2403 1409 2489 Symp.
1421 2406 1476 2485 VI,
1500 2412 1532 2485 8,
1552 2414 1574 2474 2
1684 2482 1685 2503 η

448 2532 479 2594 p.
503 2518 594 2578 6946
623 2510 817 2589 dubitarem,
847 2511 944 2576 immo
959 2511 1112 2595 -quotiens
1140 2511 1238 2576 verbe
1264 2512 1383 2598 relego,
1401 2515 1576 2599 graviones

438 2618 482 2680 iu
503 2615 634 2681 diesde
656 2615 817 2701 genuitate
839 2620 1041 2682 suooresount
1060 2615 1208 2698 scrupuli.

534 2723 624 2802 Quod
645 2745 674 2807 p.
703 2731 742 2790 14
762 2723 797 2788 in
824 2722 1573 2815 16666γ1116.11,6,26.646661661σπερ

450 2817 630 2887 οἴκοθεν
653 2819 772 2911 ἰχῶρας
795 2823 914 2889 oonieoi
937 2817 1052 2910 ὥσπερ
1083 2820 1253 2889 πισσώό
1260 2847 1326 2901 εις
1348 2819 1467 2913 ἰχῶρας
1491 2846 1576 2892 nuno

448 2924 516 3005 ipse
550 2923 693 3005 inprobo.
746 2922 871 2991 Vellem
898 2924 1052 3007 seriptum
1078 2929 1162 2989 esset
1189 2920 1333 3012 ιόσπερ
1366 2920 1575 3005 {lausus-

450 3025 570 3115 ἰχῶρας
586 3027 729 3113 συνάγει,
752 3030 786 3093 in
801 3030 917 3114 quibus
940 3023 1096 3105 ἑλκώόεις
1119 3034 1169 3095 sot
1190 3028 1332 3112 profecto
1349 3032 1488 3114 proclive
1505 3039 1575 3099 6166

449 3132 608 3213 eorrumpi
628 3127 828 3212 11611696,
851 3132 1042 3216 praesertim
1055 3132 1090 3197 in
1110 3131 1320 3198 loco-mutilo.
1365 3132 1452 3200 Cous.
1467 3134 1571 3219 Symp.

432 3234 512 3310 ΙΙΙ,
538 3241 563 3311 1,
584 3239 603 3299 2
626 3231 680 3299 διό
700 3236 764 3299 τῶν
785 3233 846 3317 μὲν
871 3231 1007 3321 φύλλων
1027 3227 1283 3318 ἀποσπωμένων
1306 3227 1378 3302 οἷον
1403 3232 1499 3325 ἀλγεῖ
1517 3239 1575 3305 καὶ

450 3336 606 3405 δάκνεται
628 3336 668 3403 τά
688 3336 786 3427 φυτά,
810 3337 866 3404 καὶ
889 3333 1015 3423 γίνεται
1032 3338 1110 3427 περὶ
1132 3330 1216 3404 αύτά
1239 3337 1347 3427 βλάβη
1369 3366 1421 3420 τις
1443 3339 1573 3408 ἓλκιό-

450 3444 523 3529 ύης
544 3449 576 3507 66
596 3442 637 3509 de
660 3442 802 3528 gunulit.
825 3462 855 3525 p.
880 3448 974 3509 510a
995 3433 1042 3519 ώς
1064 3438 1126 3529 γάρ
1149 3439 1183 3507 ἕν
1203 3442 1252 3527 τῷ
1273 3439 1404 3525 σώματι
1426 3441 1512 3531 πρός
1531 3443 1575 3509 τά

449 3544 650 3615 πεπονθότα
671 3546 756 3637 μέρη
780 3546 836 3616 καὶ
860 3543 1024 3634 ἀλγοῦντα
1047 3544 1172 3633 γίνεται
1194 3546 1286 3633 φορά
1310 3545 1367 3613 καὶ
1388 3541 1490 3634 ὁλκὴ
1508 3552 1575 3614 τῶν

399 3685 404 3695 ·
449 3650 602 3739 πλησίον.
639 3653 711 3738 Peg.
725 3658 762 3721 21
782 3654 863 3721 adde
880 3652 986 3738 Symp.
1001 3651 1064 3730 III,
1084 3659 1118 3729 4,
1134 3652 1345 3735 3(γυναῖκες)
1358 3646 1455 3736 όλην
1469 3650 1573 3734 μόνον

448 3756 504 3820 καὶ
526 3753 690 3843 τρυφάν
719 3759 903 3844 παρέχουσι
931 3759 980 3843 τῷ
1006 3752 1077 3823 ἀπὸ
1106 3757 1166 3820 τοῦ
1196 3745 1349 3840 ἀρρενος,
1381 3753 1465 3823 unde
1496 3757 1572 3841 quin

447 3866 532 3927 recte
559 3862 598 3925 de
620 3861 688 3928 looo
711 3862 789 3944 pleo.
814 3863 926 3944 philos.
948 3863 987 3940 V,
1008 3869 1027 3928 7
1048 3862 1279 3943 interpretatus
1297 3860 1370 3939 sim,
1394 3883 1459 3926 non
1480 3861 1571 3928 dubi-

450 3963 582 4030 tandum
600 3970 655 4029 est.
686 3964 737 4029 Ao
751 3986 790 4030 66
810 3987 891 4049 quoe
909 3986 940 4048 p.
954 3970 995 4033 28
1011 3966 1078 4030 dixi
1100 3965 1139 4030 de
1162 3965 1258 4032 verbo
1281 3960 1575 4033 ἀποσαλεύειν

446 4069 536 4136 edice
557 4069 664 4152 Pomp.
683 4074 724 4134 77
748 4060 800 4132 ἐπ’
822 4064 969 4156 ἀγκυρῶν
993 4066 1110 4156 πρόσω
1131 4070 1191 4155 τῆς
1208 4062 1320 4157 χιόρας
1341 4063 1573 4136 ἀποσαλεύων.

446 4172 518 4257 Peg.
541 4179 582 4240 29
605 4172 645 4238 od
674 4170 772 4237 verbe
800 4166 924 4255 δρόσου
948 4168 1004 4236 καὶ
1021 4166 1173 4257 ’βοτάνης
1204 4164 1380 4237 ἀνάπλεων
1405 4174 1572 4261 καθαράς,

446 4296 528 4360 quse
548 4276 614 4341 dixi
635 4275 779 4359 poeticas
801 4272 951 4339 dictionis
972 4295 1050 4338 auro
1070 4278 1231 4353 oonteeto,
1260 4295 1345 4340 nuno
1365 4274 1573 4343 conserendus

444 4374 526 4443 Plut.
549 4376 583 4438 in
603 4377 712 4461 Gryllo
739 4398 768 4460 p.
793 4380 892 4442 9966
930 4369 1053 4462 δρόσου
1075 4397 1113 4438 τε
1140 4378 1297 4465 καθαράς
1325 4376 1383 4443 καὶ
1403 4373 1573 4460 λειμώνιον

444 4474 600 4543 άάωάότα
622 4478 679 4544 καὶ
698 4477 799 4568 χλόης
818 4485 851 4547 66
873 4479 935 4546 Dio
959 4477 1116 4563 Chrysost.
1134 4479 1199 4545 XII
1220 4502 1251 4564 p.
1271 4484 1334 4548 386
1345 4482 1382 4549 R.
1434 4484 1507 4568 Peg.
1530 4490 1566 4552 31

439 4582 526 4653 adde
547 4582 682 4649 similem
702 4604 945 4670 synonymorum
970 4582 1215 4649 cumulationem
1232 4584 1268 4649 in
1291 4584 1402 4651 Coriol.
1426 4592 1446 4653 9
1475 4611 1571 4676 περι-

438 4683 612 4765 επτύξατο
636 4683 692 4751 καὶ
707 4684 948 4773 κατησπάσατο
971 4691 1004 4755 66
1018 4685 1133 4753 Anton.
1149 4692 1189 4753 70
1209 4678 1377 4773 ἠσπάζετο
1399 4687 1456 4754 καὶ
1477 4712 1574 4755 κατε-
