3700 5625
726 555 964 658 455-

285 788 373 843 κτον,
400 758 487 830 οὕτω
510 757 597 828 κατά
608 760 726 850 μικρὸν
747 760 875 851 ἐξαιρεῖ
894 761 951 828 καὶ
974 756 1144 830 ἀναλίσκει
1166 761 1204 830 ro*
1218 761 1419 851 λυπητικόν·

288 859 416 949 ὁμοίως
431 855 521 938 ἴδοις
536 853 576 925 δν
590 859 647 926 καὶ
662 860 720 926 τὸν
736 852 835 942 οἶνον,
860 856 961 926 ὅταν
984 857 1151 952 σφόδρα
1173 861 1329 952 ταράξῃ
1352 864 1420 930 καὶ

192 981 195 986 ’
285 960 503 1058 παροξύνῃ
526 963 571 1030 τὸ
591 958 773 1046 ἀκμαῖον
797 967 866 1033 καὶ
887 969 1125 1052 θυμοειθές
1147 959 1276 1048 αὖθις
1296 993 1418 1035 κατα-

284 1076 442 1144 δύοντα
465 1073 535 1140 καλ
556 1072 827 1140 καθιστάντα
850 1075 920 1163 τὴν
943 1075 1154 1155 διάνοιαν,
1179 1069 1232 1155 ὥς
1255 1102 1417 1168 πορρω-

283 1180 393 1268 τέρω
417 1177 557 1264 μέθης
580 1180 824 1266 προϊοῦσαν
846 1173 1102 1264 ἡσυχάζεινθ
1135 1180 1322 1246 Acvidetur
1344 1203 1418 1248 sano

283 1286 407 1372 aliquid
429 1286 500 1351 vitii
522 1284 695 1350 suboluisse
717 1285 978 1369 wyttenbachio,
1008 1309 1080 1352 curn
1108 1285 1322 1366 συνεξέκαυσε
1348 1311 1415 1355 mu·

282 1394 419 1460 tandum
438 1396 582 1457 censeret
601 1391 636 1454 in
659 1389 853 1468 συνεξέλυσε
874 1390 924 1457 vel
945 1391 1173 1472 συνεξέκλυσε,
1199 1393 1324 1476 quaesi
1343 1415 1414 1458 con-

282 1499 416 1563 sulimus
432 1517 548 1562 nexum
562 1495 737 1572 verborum,
753 1494 879 1580 volgato
896 1519 960 1560 uon
978 1495 1077 1560 multo
1095 1518 1162 1562 esse
1184 1497 1317 1564 meliora
1332 1499 1413 1564 iudi-

281 1603 432 1668 cabimus
476 1600 589 1684 Itaque
615 1600 720 1664 neseio
752 1621 794 1665 an
818 1600 905 1665 locus
932 1599 991 1664 hac
1014 1595 1119 1681 potius
1149 1603 1310 1669 curatione
1341 1626 1412 1669 con-

282 1730 449 1776 senescere
461 1707 620 1773 videatur:
643 1707 750 1785 πολὺς
764 1708 826 1796 γὰρ
845 1704 1007 1774 εἰσελθών
1025 1705 1083 1787 εἰς
1108 1705 1146 1772 τὸ
1163 1711 1260 1791 σῶμα
1277 1710 1415 1790 συνεξ-

283 1812 446 1879 ἐπαυσε
465 1810 521 1876 καὶ
536 1804 751 1876 κατανάλωσε
768 1808 806 1875 τὸ
824 1813 991 1893 μανιῶδες
1007 1813 1063 1897 τῆς
1080 1814 1195 1899 ψυχῆς,
1218 1834 1300 1895 quae
1316 1815 1412 1880 inter-

282 1913 404 1998 pretari
426 1913 516 1978 licet:
539 1917 638 1976 viuum
660 1917 774 1996 corpori
788 1916 902 1996 turpius
922 1916 1046 1978 inlutum
1069 1915 1255 1998 (simulatque
1270 1916 1413 2000 ecfertur)

282 2022 413 2097 βκνοναιτ
433 2023 529 2082 enimi
548 2039 659 2082 cessere
677 2018 760 2098 facit
778 2023 988 2102 consumitque,
1011 2017 1107 2103 idque
1125 2041 1189 2084 non
1212 2019 1414 2088 mediocriter

281 2125 409 2191 firmare
424 2122 551 2190 videtur
570 2124 639 2205 ipse
654 2123 841 2189 Plutarchus
861 2124 897 2188 in
916 2126 1082 2206 proximis,
1104 2147 1175 2191 eum
1200 2125 1278 2192 dicit
1297 2124 1412 2218 ὥσπερ

281 2227 302 2320 ν)
321 2227 498 2319 θρηνῳδία
519 2228 576 2294 καὶ
598 2221 616 2295 d
640 2226 832 2315 ἐπικήδειος
854 2223 956 2308 αδλδς
979 2230 1013 2296 ἐν
1029 2224 1112 2318 άρχῇ
1135 2226 1251 2309 πάθος
1273 2237 1358 2299 κινεῖ
1372 2272 1412 2284 -

282 2338 370 2407 οὕτω
386 2337 472 2404 κατὰ
492 2336 612 2427 μικρὸν
632 2336 802 2423 ἐξαιρεῖ
822 2338 878 2404 καὶ
901 2331 1133 2404 άναλίσκει
1154 2337 1192 2403 τδ
1218 2336 1412 2425 λυπητικόν.

367 2442 411 2507 At
430 2441 528 2506 etiam
548 2439 693 2521 proxima
719 2437 865 2504 laborare
895 2438 1045 2504 videntur
1073 2459 1137 2502 non
1158 2437 1254 2502 nullis
1275 2436 1408 2502 difficul-

279 2546 410 2611 tatibus.
452 2543 569 2608 Parum
599 2544 685 2605 recte
708 2541 807 2619 enim,
828 2540 862 2604 ni
884 2539 990 2618 fallor,
1019 2535 1193 2625 θρηνῳδία
1217 2537 1272 2603 καὶ
1293 2531 1311 2602 ὁ
1336 2537 1411 2604 ἐπι-

284 2642 419 2732 κήδειος
442 2640 543 2721 αύλδς
565 2641 709 2727 arguitur
728 2636 913 2729 δάκρυον
936 2637 1173 2723 ἐκβάλλειν,
1200 2639 1283 2723 quod
1295 2640 1413 2723 ubique

281 2750 436 2833 accipitur
459 2747 498 2814 de
519 2767 556 2811 eo
575 2752 629 2830 qui
647 2749 783 2809 λυαίιαοε
797 2744 913 2824 fundit.
952 2742 1018 2808 Nec
1039 2743 1132 2808 aliter
1154 2741 1270 2806 dicitur
1292 2737 1411 2821 ἐκβάλ-

282 2854 351 2917 λειν
374 2841 460 2933 αἷμα
483 2849 522 2934 (e.
544 2870 573 2931 g.
588 2846 714 2930 Syll37
737 2844 816 2910 conl.
839 2844 948 2917 Autan
972 2850 1008 2909 11
1033 2832 1117 2922 αἷμα
1141 2842 1202 2905 τοῦ
1221 2839 1412 2928 τραύματος

278 2945 505 3035 ἐκβαλόντος),
527 2944 575 3013 ἶδν
598 2943 771 3029 ἐκβάλλειν
793 2940 857 3030 (ton
880 2943 937 3007 καὶ
961 2937 1124 3028 πονηρίαν
1146 2939 1182 3005 ἐκ
1204 2941 1265 3005 τοῦ
1285 2934 1411 3021 στόμα-

280 3081 336 3134 τος
367 3051 541 3138 ἐκβάλλειν
573 3051 602 3119 S.
623 3050 730 3133 Chrys.
758 3048 800 3114 ad
828 3068 899 3130 pop.
922 3045 1066 3110 Antioch.
1099 3042 1161 3121 IV,
1189 3064 1219 3126 p.
1244 3046 1325 3120 388,
1348 3042 1412 3127 32),

283 3162 418 3249 σπέρμα
435 3154 607 3241 ἐκβάλλειν
625 3156 675 3242 (ut
685 3155 765 3219 Plut.
779 3153 882 3237 Symp.
893 3151 981 3230 VIII,
993 3157 1021 3230 9,
1033 3155 1051 3216 3
1063 3170 1093 3232 p.
1106 3154 1193 3217 7330
1208 3144 1413 3231 ἐκβάλλοντα

283 3263 366 3348 μετά
389 3263 519 3329 πολλοῦ
542 3259 791 3347 σπέρματος
819 3252 977 3345 θηρίδιον
1002 3253 1088 3332 κτλ,
1124 3250 1220 3335 quod,
1256 3249 1317 3313 nisi
1343 3249 1414 3333 quis

282 3368 451 3434 Plutarcho
467 3364 636 3431 obtrudere
651 3362 720 3427 vult
739 3366 968 3443 spermatozoa,
990 3358 1040 3421 vel
1057 3354 1127 3420 fieri
1144 3376 1235 3437 posse
1258 3356 1410 3429 autumat,

283 3480 320 3539 nt
331 3472 468 3539 mirifica
481 3471 543 3535 ista
564 3469 700 3535 bestiola
716 3468 750 3532 in
771 3465 934 3530 testiculos
956 3462 1006 3529 vel
1025 3461 1161 3525 vesicam
1181 3480 1248 3523 sese
1270 3456 1408 3521 insinua-

284 3581 365 3646 verit
383 3578 489 3644 nescio
511 3596 574 3659 quo
592 3574 699 3651 modo,
722 3572 854 3655 perinde
875 3576 970 3653 atque
986 3566 1114 3631 ranulas
1133 3585 1205 3629 cum
1222 3584 1306 3647 aqua
1320 3562 1408 3645 palu-

282 3686 340 3750 stri
358 3682 538 3750 inconsulte
555 3682 670 3746 hausta
686 3681 721 3743 in
736 3678 933 3743 stomachum
949 3673 1146 3757 immigrasse
1161 3670 1270 3754 ibique
1286 3670 1327 3735 ad
1345 3668 1409 3734 exi-

285 3796 381 3859 miam
403 3790 656 3877 magnitudinem
684 3789 841 3853 enutritas
871 3807 952 3862 esse,
978 3782 1060 3848 se'rio
1082 3780 1158 3846 olim
1181 3778 1285 3845 edocti
1307 3798 1413 3843 sumus

286 3899 425 3981 pueruli,
448 3897 571 3962 etiamsi
592 3894 762 3959 Plutarcho
790 3889 982 3956 concesseris
1012 3885 1134 3971 aliquid
1165 3885 1280 3950 harum
1307 3903 1413 3948 rerum

284 3999 498 4084 ignorantiae,
529 3995 608 4062 adeo
640 3993 813 4060 absurdum
834 3992 936 4057 videri
959 3994 1077 4073 potest,
1107 3992 1228 4052 utnon
1250 3985 1355 4059 mirer,
1385 3983 1412 4045 si

283 4106 353 4189 quis
370 4102 565 4191 σπέρματος
581 4123 599 4167 e
616 4097 810 4180 πτύσματος
829 4097 879 4163 rel
896 4097 1089 4183 φλέγματος
1109 4094 1291 4172 corruptum
1305 4086 1413 4151 credat

178 4214 183 4221 '
283 4207 337 4274 cfr.
361 4204 477 4270 Buffon
498 4203 554 4285 Op.
576 4201 647 4267 Vol.
675 4200 720 4266 IV
742 4222 772 4283 p.
798 4204 835 4266 31
869 4198 958 4283 εσυ.)
1009 4194 1159 4261 Eiusdem
1187 4187 1310 4275 generis
1340 4192 1413 4250 sunt

283 4311 396 4401 φωνην
419 4306 592 4391 ἐκβάλλειν
612 4306 705 4390 (Plut.
726 4305 811 4371 Caes.
836 4304 898 4389 86),
920 4299 1036 4367 ἴουλον
1059 4294 1231 4377 ἐκβάλλειν
1252 4290 1410 4378 (Philostr.

283 4419 347 4484 iun,
370 4436 400 4498 p.
428 4420 500 4492 119,
520 4418 561 4479 26
583 4410 674 4497 Iac),
705 4404 845 4488 δδάντας
876 4406 1049 4489 ἐκβάλλειν
1081 4396 1244 4487 (Herodot.
1266 4396 1328 4476 VI,
1354 4401 1412 4464 107

285 4517 439 4588 Artemid.
454 4517 479 4594 I,
496 4517 560 4601 31),
575 4516 633 4581 τὸν
653 4512 786 4596 χαλινὸν
808 4510 980 4595 ἐκβάλλειν
1004 4502 1072 4571 άπδ
1094 4504 1154 4569 τοῦ
1174 4498 1341 4584 στόματος
1361 4496 1413 4583 (de

284 4626 375 4711 cquis
394 4623 425 4689 S.
448 4622 607 4707 Chrysost.
629 4620 668 4686 de
690 4618 720 4687 S.
737 4617 858 4702 Babyla
878 4636 907 4697 p.
927 4616 997 4689 228,
1021 4614 1084 4695 23),
1107 4607 1222 4699 quibus
1244 4604 1319 4669 addi
1341 4620 1411 4682 pos·

284 4738 358 4829 sunt
379 4729 445 4796 alia
465 4750 498 4793 m
518 4728 574 4793 lta.
626 4725 730 4810 Atque
752 4721 864 4791 eodem
884 4716 1049 4782 intellectu
1072 4710 1214 4799 δάκρυον
1237 4699 1408 4787 ἐκβάλλειν
