3700 5625
920 616 1224 709 -eo-·'

468 827 563 893 quam
584 805 745 890 exemplar
773 805 889 873 codicis
910 803 1164 873 vindobonensis
1190 823 1262 869 curu
1292 802 1437 869 omnihus
1468 793 1591 868 mendis
1628 822 1634 835 ·

469 913 628 980 erroribus
649 913 770 979 lacunis
789 909 900 979 eadem
921 909 984 976 fide
1004 909 1175 994 eademque
1207 896 1276 974 arte
1298 905 1383 992 typis
1402 922 1592 988 expressum,

467 1023 563 1102 atque
583 1039 675 1096 nuuc,
697 1017 724 1082 si
744 1036 844 1100 parva
871 1017 947 1082 licet
978 1033 1154 1098 conponere
1175 1013 1315 1098 magnis,
1334 1009 1525 1095 Aeschylum
1553 1028 1593 1074 ex

471 1119 578 1186 codice
600 1119 743 1185 Mediceo
769 1120 941 1202 repetitum
970 1119 1152 1185 desiderant
1172 1118 1278 1196 multi,
1306 1116 1469 1200 aliquanto
1491 1120 1524 1180 et
1545 1113 1589 1178 fa·

467 1221 558 1288 cilior
579 1229 611 1289 et
632 1223 747 1288 certior
768 1229 851 1290 esset
871 1223 985 1288 horum
1006 1223 1160 1289 librorum
1181 1221 1366 1300 diorthosiS,
1385 1236 1481 1305 quam
1502 1229 1592 1298 nunc,

467 1327 523 1397 ubi
541 1329 623 1394 nihil
645 1327 798 1396 habemus
818 1329 879 1394 nisi
902 1315 1001 1395 libros
1032 1351 1071 1394 ex
1098 1325 1349 1393 coniecturarum
1378 1325 1469 1410 quasi
1495 1327 1591 1388 tasse*

467 1431 554 1509 rulis,
575 1451 766 1516 quamquam
787 1429 872 1496 haud
885 1435 959 1496 raro
972 1430 1086 1495 summi
1100 1428 1222 1516 ingenii
1237 1427 1418 1514 egregiique
1440 1423 1594 1492 acuminis

468 1554 545 1619 prae
561 1535 782 1604 auferentibus
797 1537 938 1622 uestigia,
960 1535 1001 1602 ad
1023 1535 1152 1601 modum
1172 1535 1287 1600 musivi
1303 1534 1408 1617 operis
1423 1531 1591 1599 artificiose

468 1645 640 1723 oonpostos.
678 1639 812 1707 Interim
833 1655 890 1706 nos
908 1646 945 1705 ut
958 1640 1140 1723 poterimus,
1163 1634 1331 1707 emendare
1353 1657 1521 1724 pergemus
1536 1635 1594 1701 hos

467 1745 573 1811 libros.
617 1744 699 1812 Nam
726 1745 796 1831 quis
825 1745 937 1812 modus
966 1769 1032 1814 csse
1062 1747 1176 1831 possit,
1204 1752 1241 1812 ut
1261 1746 1320 1812 Ios
1342 1745 1508 1831 scaligeri,
1534 1745 1594 1809 riri

467 1851 671 1929 immortalia,
698 1856 771 1917 utar
799 1851 903 1918 verbis
934 1851 1087 1934 (Epistul.
1109 1851 1172 1931 III,
1195 1852 1257 1918 232
1278 1871 1309 1934 p.
1332 1850 1417 1938 497)
1437 1846 1595 1934 purgandi

469 1955 741 2042 Symposiacorum
768 1956 923 2023 librorum
947 1957 1081 2036 stabuli,
1103 1979 1176 2022 cum
1195 1961 1244 2022 tot
1263 1976 1362 2039 prope
1384 1952 1500 2021 menda
1521 1954 1593 2032 sint,

470 2067 548 2145 quot
568 2071 675 2127 tersus
706 2065 739 2125 et
760 2063 939 2127 commata?
978 2062 1024 2128 Ac
1044 2062 1183 2143 primurn
1211 2060 1340 2145 quidem
1361 2053 1486 2125 adicere
1506 2057 1594 2126 lubet

469 2161 614 2245 exempla
642 2157 810 2246 quaedam,
839 2161 895 2228 ubi
924 2163 972 2228 ris
1000 2167 1146 2245 repertae
1174 2161 1318 2228 veritatis
1342 2160 1392 2227 uel
1411 2159 1479 2226 sine
1500 2175 1592 2244 argu·

468 2271 644 2334 mentorum
664 2261 851 2350 ambagibus
871 2267 1011 2332 animum
1031 2266 1177 2350 inprimis
1198 2265 1294 2331 ferire
1315 2265 1424 2348 possit.

555 2367 605 2456 lta
627 2357 712 2452 quod
734 2368 769 2432 in
798 2367 902 2452 Symp.
926 2366 1018 2446 VIII,
1040 2373 1074 2449 3,
1097 2375 1117 2436 2
1147 2391 1178 2452 p.
1200 2375 1296 2437 7210.
1328 2369 1449 2435 scribae
1468 2366 1591 2432 Plutar-

468 2471 562 2536 chum
584 2471 782 2561 adserentem
804 2471 925 2537 faciunt
948 2465 1057 2537 αὐτῶν
1079 2472 1116 2538 δὲ
1138 2476 1203 2538 τῶν
1216 2469 1380 2556 σωμάτων
1392 2470 1513 2561 χρυσός
1534 2469 1594 2555 μὲν

472 2577 528 2641 καὶ
543 2571 671 2654 λίθος
694 2569 760 2642 ὑπὸ
779 2573 986 2664 πληρότητος
1003 2573 1189 2663 ἰσχνόφωνα
1206 2576 1262 2643 κατ’
1276 2577 1408 2664 δυσηχῆ,
1425 2615 1468 2626 -
1483 2563 1594 2665 adpro-

470 2699 526 2754 νος
546 2676 582 2742 δὲ
605 2675 660 2742 κατ’
684 2675 787 2754 λάλος
817 2671 836 2740 d
859 2677 982 2759 χαλκὸς
1003 2677 1071 2744 κτλ.
1100 2678 1202 2746 fateor
1233 2693 1284 2744 me
1311 2700 1375 2743 non
1402 2677 1595 2764 intellegere,

340 2830 345 2848 .
469 2801 571 2865 neque
591 2779 778 2865 intellegent
798 2781 910 2863 opinor
929 2781 993 2849 alii.
1036 2781 1112 2861 Quis
1134 2782 1219 2848 enim
1238 2776 1319 2847 vidit
1339 2798 1479 2866 uuquam
1493 2779 1594 2846 λίθον

470 2886 562 2951 iuxta
582 2884 712 2951 metalla
732 2885 807 2968 poni
823 2885 905 2952 malo
928 2886 1093 2951 sonantia?
1120 2884 1208 2963 Quod
1229 2906 1293 2951 non
1314 2905 1351 2951 eo
1373 2888 1478 2966 potest
1499 2902 1591 2949 excu-

469 2992 540 3070 sari,
574 2987 658 3077 quod
677 2984 739 3070 VI,
768 2996 786 3058 5
817 3012 846 3075 p.
870 2991 961 3057 belh
990 2990 1108 3057 dixerit
1136 2987 1236 3055 λίθον
1265 2991 1516 3076 κατεψυγμένης
1538 2988 1595 3053 καί

475 3090 705 3176 πεπιλημένης
730 3084 798 3156 ὑπὸ
827 3086 947 3177 κρύους
976 3091 1033 3177 γῆς
1055 3086 1162 3177 πάγος
1184 3081 1279 3155 εἶναι.
1324 3089 1426 3173 Super
1447 3095 1539 3158 eraut
1558 3090 1593 3157 in

350 3234 354 3243 ·
467 3195 639 3281 archetypo
657 3200 782 3262 tautum
802 3194 928 3261 litterae
954 3198 1070 3258 ΚΑΙ.
1095 3240 1103 3257 .
1127 3191 1313 3271 AIBAOC,
1337 3194 1421 3261 unde
1441 3193 1592 3260 librarius

469 3293 550 3361 nihil
562 3296 703 3381 cogitans
717 3293 794 3360 fecit
807 3292 862 3357 καὶ
880 3291 990 3369 λίθος.
1028 3292 1145 3377 Ecquis
1162 3296 1210 3359 est
1227 3293 1281 3378 qui
1296 3312 1359 3359 uon
1375 3294 1485 3359 statim
1497 3294 1590 3360 intel-

466 3398 555 3487 legat
576 3420 596 3465 a
613 3398 783 3465 Plutarcho
802 3418 870 3463 esse
887 3395 1009 3484 χρυσὸς
1022 3396 1084 3477 μὲν
1098 3394 1154 3461 καὶ
1178 3392 1411 3481 pelorides?
1431 3394 1592 3475 Quaenam

469 3512 576 3573 autem
598 3525 673 3571 rasa
694 3501 845 3587 plumbea
867 3520 960 3566 sonos
980 3500 1032 3565 rel
1051 3520 1117 3564 uon
1138 3499 1222 3565 clare
1240 3499 1431 3581 accipientia
1457 3498 1508 3563 rel
1528 3518 1592 3563 non

472 3600 575 3675 claros
603 3607 732 3674 edentia
766 3604 897 3692 cogitet,
928 3603 1067 3687 perspici
1088 3603 1178 3682 licet,
1208 3603 1308 3687 siquis
1333 3602 1368 3668 id
1394 3602 1476 3687 agit,
1504 3601 1593 3669 vele

469 3715 572 3780 Plinio
587 3714 618 3779 h.
630 3734 662 3779 n.
681 3708 765 3789 XIV,
780 3716 829 3789 21,
848 3714 909 3777 136
925 3707 976 3775 vel
997 3729 1014 3773 e
1030 3708 1128 3790 Geop.
1144 3706 1184 3785 II,
1201 3711 1229 3785 6,
1243 3712 1292 3773 42.
1322 3704 1390 3772 Nec
1406 3704 1593 3771 incredibile

469 3826 518 3887 est
543 3816 704 3884 Plutarchi
732 3816 838 3881 animo
868 3814 1051 3880 obversatus
1084 3830 1152 3877 esse
1181 3806 1365 3900 κεραμίδος
1392 3806 1596 3893 μολυβδίνας

470 3949 493 3994 s.
505 3924 628 4011 tegulas
648 3919 821 4004 plumbeas,
842 3919 957 4003 quibus
980 3915 1212 3999 opulentiorum
1226 3912 1320 3979 aedes
1338 3913 1595 4008 contegebantur,

468 4038 504 4096 ut
526 4027 648 4095 notant
669 4024 781 4090 Athen.
804 4021 881 4087 xlv
900 4043 931 4104 p.
952 4026 1012 4088 621
1022 4040 1050 4085 a.
1423 4010 1429 4019 ’

554 4136 592 4201 In
613 4134 718 4201 verbis
741 4130 921 4197 Senecionis
943 4127 989 4205 H,
1017 4130 1044 4203 3,
1075 4129 1144 4206 Sp.
1170 4128 1259 4189 6370-
1286 4114 1332 4201 ὡς
1359 4119 1422 4209 ydp
1442 4116 1462 4207 ἦ
1483 4115 1594 4208 μήτρα

471 4240 574 4331 πρὸς
594 4241 638 4305 τὸ
663 4231 758 4327 ᾠὸν,
791 4230 879 4300 οὕτω
901 4227 1004 4298 πάλιν
1030 4228 1068 4296 τὸ
1091 4222 1157 4316 ᾠὸν
1187 4230 1271 4316 πρὸς
1291 4225 1350 4294 τὸν
1371 4224 1509 4291 νεοσσὸν
1531 4223 1593 4291 τιέ-

470 4366 569 4432 φοκε,
593 4337 752 4424 κυόμενον
768 4337 808 4411 ,ἐν
831 4329 919 4419 αὐτῷ
942 4332 1004 4398 καὶ.
1018 4330 1253 4415 λοχευόμενον,
1285 4330 1369 4395 iusto
1389 4328 1462 4410 plus
1482 4337 1594 4410 sapere

468 4444 610 4513 videmus
632 4438 809 4523 auctorem3
832 4439 913 4505 nihil
934 4439 1019 4505 enirn
1040 4438 1067 4502 is
1086 4435 1207 4502 sciebat
1235 4434 1275 4499 de
1300 4433 1516 4517 orohumano
1539 4454 1592 4516 ge-

468 4550 577 4615 nitura
595 4545 770 4623 fecundato,
784 4564 886 4628 neque
907 4540 1069 4608 commode
1090 4540 1237 4622 opposita
1257 4536 1382 4602 ridetur
1395 4535 1513 4601 matrix
1528 4556 1595 4613 oro,
1693 4551 1694 4604 ,

469 4662 507 4723 ut
524 4674 618 4722 ovum
641 4650 744 4736 pullo,
771 4650 827 4734 qui
853 4648 888 4713 in
917 4668 975 4713 ovo
996 4649 1168 4727 conceptus
1195 4640 1237 4708 ad
1257 4645 1389 4724 partum
1405 4642 1596 4707 reservetur.
1693 4621 1694 4640 ¹

469 4762 532 4830 Sed
552 4758 629 4845 quid
644 4758 758 4840 plura?
778 4754 918 4821 Videsne
938 4754 1041 4837 ipsam
1061 4748 1225 4833 scriptoris
1242 4766 1373 4815 manime
1387 4742 1598 4808 ΊὈΖΩΙΟΝ
