3700 5625
912 617 1127 687 ...64-

453 817 528 873 τας
549 788 607 858 τόν
623 788 702 880 περὶ
722 786 850 856 τούτων
863 782 974 874 λόγον,
997 785 1132 854 fortasse
1147 783 1363 854 adsentientes
1375 779 1511 862 habebo,
1529 779 1589 868 qui

451 895 682 988 perpenderint
710 895 790 962 haec
810 893 929 960 similia
956 892 1041 977 apud
1061 893 1227 962 Platonem
1249 891 1410 959 Charmid
1432 911 1464 974 p.
1487 893 1547 958 166
1569 909 1589 954 c

454 994 515 1067 κάν
531 995 675 1083 ἐμαυτόν
688 994 887 1085 διερεονῴην
901 990 937 1060 τί
950 993 1047 1082 λε’χω,
1065 993 1160 1079 Soph.
1174 1015 1205 1078 p.
1221 999 1311 1062 tuoe
1330 991 1431 1082 λόχον
1451 993 1590 1079 προῖτον

453 1103 681 1195 διερευνητέον
697 1097 718 1167 ὅ
733 1099 767 1167 τί
782 1097 858 1168 ποτ’
874 1097 966 1168 ἐστίν
980 1105 1014 1168 et
1027 1101 1208 1187 aequiorum
1225 1099 1414 1184 Procopium
1433 1098 1465 1168 b.
1482 1119 1511 1182 g.
1528 1097 1592 1188 111,

453 1218 474 1279 4
490 1231 522 1294 p.
538 1215 610 1288 294,
626 1213 665 1274 17
689 1197 729 1272 oti
752 1199 1006 1292 διερευνώμενοι
1027 1208 1085 1292 τῆς
1107 1203 1199 1292 νίκης
1220 1204 1278 1270 τόν
1290 1203 1427 1292 τρόπον,
1449 1201 1505 1281 IV,
1520 1207 1539 1270 6
1555 1219 1591 1284 p'.

453 1321 532 1395 485,
555 1321 593 1382 17
616 1309 717 1399 λόγον
738 1307 795 1376 τόν
816 1309 959 1398 φυσικόν
978 1309 1014 1389 ἐς
1034 1309 1074 1377 τδ
1095 1304 1230 1400 ἀκριβὲς
1243 1311 1492 1402 διερευνᾶσθαι
1504 1311 1591 1392 βου-

453 1417 603 1503 λόμενος,
619 1415 675 1495 lv,
690 1418 709 1481 8
726 1433 758 1497 p.
774 1419 846 1494 490,
866 1419 888 1481 6
904 1411 1162 1503 διερευνώμενος
1181 1408 1335 1502 ἀμήχανα
1357 1410 1448 1502 ἔργα,
1472 1413 1593 1500 quibus

453 1522 625 1589 concinunt
645 1517 676 1585 S.
698 1517 855 1604 Chrysost
878 1518 963 1588 hom.
984 1518 1035 1584 III
1063 1517 1104 1585 ad
1132 1539 1205 1603 pop.
1223 1517 1370 1585 Antioeh.
1389 1537 1421 1600 p.
1441 1522 1522 1595 371,
1547 1521 1589 1582 ll

457 1623 570 1694 πάντα
598 1625 838 1713 διερευνᾶσθαι
862 1621 919 1688 καὶ
948 1625 1087 1690 σκοπεῖν
1110 1616 1290 1710 ἀναγκαῖον
1316 1619 1387 1707 μετ’
1412 1615 1590 1710 ἀκριβείας

457 1727 608 1818 ἁπάσης,
637 1729 731 1796 Annn
751 1727 858 1795 Comn.
879 1747 910 1811 p.
931 1733 1007 1807 260,
1033 1733 1072 1796 10
1096 1727 1203 1808 δεινός
1225 1721 1509 1818 διερευνήσασθαι
1531 1723 1591 1812 τήν

457 1829 650 1920 δεινοτάτην
671 1826 938 1922 περιπατητικήν
956 1831 1037 1900 conl.
1059 1850 1089 1914 p.
1113 1837 1189 1911 263,
1212 1838 1263 1898 21.

543 1939 584 2004 lu
602 1936 712 2021 lepida
731 1936 946 2019 Hispanorum
967 1935 1151 2002 divitiarum
1172 1937 1451 2004 subterraneamm
1470 1933 1590 2000 descri-

455 2045 581 2129 ptione,
611 2042 654 2108 ad
682 2063 779 2127 quam
806 2041 947 2108 affirmat
975 2042 1179 2108 Posidonium
1206 2043 1368 2108 Rhodium
1393 2041 1590 2118 adhibuisse,

456 2150 537 2216 haec
559 2147 660 2214 habes
680 2145 732 2212 ΙΙΙ
755 2152 815 2213 147
836 2173 882 2204 -·-
902 2150 980 2226 226,
1009 2152 1028 2212 2
1060 2145 1293 2224 Ποσειδώνιος
1323 2147 1361 2212 δὲ
1388 2145 1427 2211 τό
1453 2143 1593 2230 πλῆθος

456 2256 524 2320 ταῖν
548 2247 722 2337 μετάλλων
749 2245 896 2315 ἐπαινεῖν
924 2246 982 2316 καὶ
1010 2247 1070 2338 τήν
1099 2242 1219 2339 ἀρετήν
1250 2243 1309 2317 otiu
1338 2243 1501 2332 ἀπέχεται
1530 2250 1593 2335 τῆς

458 2348 625 2440 συνήθους
638 2345 824 2438 ῥητορείας,
846 2343 934 2414 ἀλλά
947 2352 1168 2440 συνενθουσιᾷ
1188 2354 1263 2429 ταῖς
1277 2343 1494 2441 όπερβολαῖς,
1516 2351 1589 2436 qui-

456 2458 517 2524 bus
544 2455 759 2537 deindepost
787 2452 999 2538 epiphonema
1029 2447 1068 2520 οό
1097 2452 1160 2546 γάρ
1189 2451 1337 2522 πλουσία
1367 2453 1479 2541 μόνον
1503 2449 1595 2522 ἀλλὰ

459 2557 525 2624 καὶΥ
544 2549 761 2632 όπόπλσυτος
787 2546 828 2642 ἦν
848 2551 990 2643 (φησίν)
1013 2549 1034 2644 ἡ
1062 2553 1155 2646 χεῖρα
1184 2555 1247 2623 καῖ’
1269 2552 1350 2648 παρ’
1374 2556 1516 2638 ἐκείνοις
1543 2552 1593 2638 αῖς

460 2657 598 2751 ἀληθῶς
618 2659 677 2727 τόν
689 2654 898 2745 ὑποχθόνιον
910 2659 1018 2728 τόπον
1034 2657 1093 2746 οὐχ
1115 2655 1133 2728 ό
1157 2659 1275 2750 Ἅιδης
1296 2658 1370 2730 ἀλλ’
1386 2657 1404 2729 ὁ
1423 2663 1594 2732 Πλούτων

459 2767 610 2835 κατοικεῖ
625 2764 705 2833 haee
726 2764 925 2833 subiciuntur
945 2769 1085 2833 τοιαῦτα
1105 2765 1167 2850 μὲν
1183 2757 1241 2834 οὖν
1256 2764 1291 2835 ἕν
1306 2761 1421 2858 ιόραῖῳ
1444 2766 1591 2857 σχήματι

461 2866 574 2962 εῖρηκε
602 2864 846 2961 περὶτούτων,
874 2864 929 2951 αῖς
960 2862 1008 2938 ἀν
1037 2868 1081 2937 ἐκ
1100 2870 1320 2957 μετάλλου
1353 2871 1426 2939 καὶ
1456 2870 1590 2954 αὐτὸς

461 2970 606 3057 πολλῷ
624 2967 844 3059 χρώμενος
868 2971 927 3056 τῷ
951 2968 1070 3058 λόχῳ.
1120 2970 1209 3041 Haec
1229 2978 1390 3056 postrema
1410 2994 1475 3039 non
1496 2995 1590 3059 posse

458 3073 562 3157 accipi
582 3074 623 3139 de
650 3073 776 3156 prolixo
805 3093 962 3153 sermone,
995 3094 1058 3159 quo
1084 3075 1270 3143 Posidonius
1296 3078 1332 3143 in
1360 3076 1590 3147 adumbrandis

455 3178 676 3261 Hispanorum
695 3177 812 3243 fodinis
836 3198 911 3243 usus
941 3178 1052 3257 fuerit,
1079 3179 1172 3248 facile
1200 3180 1401 3248 adsentimur
1419 3182 1590 3265 Meinelrio,

459 3283 497 3351 in
516 3303 555 3350 eo
575 3280 673 3349 etiam
697 3280 861 3350 renmimc
888 3279 1079 3365 disputanti,
1110 3282 1192 3349 siin
1213 3283 1297 3351 hane
1319 3284 1512 3352 sententiam
1533 3308 1586 3354 ex·

458 3378 620 3476 plicantur
632 3386 744 3468 rerba,
765 3406 823 3453 cur
837 3404 916 3470 opus
936 3386 1033 3455 fuerit
1052 3387 1128 3455 addi
1146 3387 1227 3457 haec
1248 3382 1296 3466 ός
1313 3382 1353 3454 ἀν
1369 3386 1406 3456 ἐκ
1420 3386 1590 3473 μεταλ-λου

462 3490 520 3560 καῖ
534 3487 634 3571 αὐτὸς
648 3489 765 3578 πολλῷ
784 3484 955 3579 χριόμενος
976 3492 1025 3579 τῷ
1039 3488 1138 3579 λόγῳ,
1159 3512 1290 3577 prorsus
1310 3493 1345 3558 in
1366 3492 1499 3560 obscuro
1515 3516 1590 3561 esse.

464 3594 554 3664 Nihil
575 3598 661 3664 enim
681 3595 842 3664 mehercle
861 3600 995 3680 possunt
1016 3597 1194 3682 significare
1215 3596 1318 3680 aliud,
1345 3618 1442 3683 quam
1462 3600 1590 3667 Posido—

462 3699 552 3767 nium
567 3698 700 3766 nimiam
719 3721 809 3767 suam
824 3700 1051 3785 loquacitatem
1076 3704 1244 3787 sumpsisse
1260 3726 1281 3771 a
1295 3704 1499 3787 metalleutiS,
1518 3710 1588 3772 tan-

462 3821 560 3891 quam
579 3804 620 3871 ab
642 3803 805 3872 hominmn
826 3828 942 3891 genere
964 3805 1112 3889 inprimis
1132 3803 1276 3893 garrulo,
1298 3807 1382 3892 quod
1404 3830 1503 3893 quam
1523 3810 1591 3876 ine-

460 3913 554 3993 ptum
575 3906 618 3972 sit
637 3927 694 3973 suo
712 3909 927 3995 unusquisque
948 3930 1044 3977 sensu
1063 3910 1246 3979 arbitretur.
1289 3911 1400 3997 Neque
1416 3933 1474 3998 ego
1490 3914 1594 3999 magis

462 4038 559 4103 quam
580 4013 757 4082 Meinekius
774 4016 825 4080 vir
844 4014 1048 4098 venerabilis,
1070 4038 1142 4085 cum
1161 4018 1247 4083 dulci
1268 4017 1398 4087 iuventa
1416 4018 1588 4103 aliquanti-

462 4144 538 4210 sper
558 4120 807 4199 reimetallioae
826 4141 957 4205 operam
978 4123 1106 4203 natavi,
1127 4122 1328 4191 metalleutas
1350 4127 1502 4205 expertus
1524 4144 1594 4190 sum

462 4222 615 4291 homiues.
634 4221 716 4290 adeo
742 4221 905 4307 loquaces,
935 4226 972 4291 ut
999 4223 1049 4293 vel
1075 4225 1154 4293 alios
1178 4225 1368 4312 quibuscum
1388 4235 1594 4297 venarentur

447 4325 630 4392 uerborum
659 4330 813 4411 tanquam
841 4323 970 4397 flumine
999 4328 1238 4413 inundaverint,
1273 4330 1371 4396 immo
1399 4349 1459 4413 per
1490 4336 1601 4400 totum

462 4428 544 4497 illud
572 4429 834 4497 iucundissimum
863 4434 990 4516 tempus
1022 4434 1074 4514 (ex
1106 4453 1169 4517 quo
1201 4438 1329 4519 praeter
1360 4434 1592 4505 sanctissimam

463 4537 706 4622 praeceptorum
736 4535 972 4622 amicorumque
1001 4537 1186 4605 memoriam
1214 4558 1273 4622 per
1293 4543 1342 4605 tot
1362 4559 1469 4607 rerum
1490 4542 1590 4607 varie·

463 4645 546 4709 tates
566 4632 649 4707 nihil
668 4638 735 4706 iere
754 4639 836 4708 mihi
854 4640 1011 4713 relicuum
1031 4644 1079 4707 est
1099 4640 1195 4709 hodie
1217 4662 1314 4728 quam
1334 4641 1497 4709 famosum·
1506 4640 1592 4709 istud

463 4739 721 4825 motorium,
750 4763 814 4830 qno
842 4742 986 4813 noscitur
1014 4742 1116 4814 iossor
1144 4745 1200 4831 qui
1229 4766 1294 4813 non
1325 4745 1527 4833 cognoscitur
1556 4764 1594 4815 ex
