3700 5625
919 621 1155 684 *m*-

469 787 605 854 tionem:
622 786 768 873 „colligis
779 785 968 854 Plutarchus
982 786 1045 852 n‘o:
1064 786 1092 850 si
1108 785 1225 851 divims
1243 783 1372 850 indiciis
1383 783 1472 870 (suot
1489 787 1591 850 aotam
1686 783 1687 788 ’

470 893 592 973 divina,
614 913 819 978 quaecunque
841 915 862 959 s
882 897 999 959 namra
1014 893 1092 975 ipsa
1109 892 1179 958 sine
1198 889 1358 956 industria
1377 894 1413 955 et
1432 889 1590 956 volontate

413 1048 417 1054 .
471 999 636 1064 hominum
665 998 827 1075 eveniunt,
856 1002 890 1064 et
916 1019 934 1064 e
961 997 1076 1081 quibus
1105 996 1259 1062 divinatio
1281 995 1471 1062 documenta
1490 995 1594 1080 capit),

472 1105 524 1170 his
543 1105 572 1169 si
592 1103 689 1170 fidem
709 1103 904 1189 derogamus
925 1123 990 1168 ona
1015 1103 1227 1168 homanorum
1245 1121 1371 1186 quoque
1392 1099 1490 1166 fidem
1513 1100 1592 1166 tolli·

472 1225 542 1269 mus
563 1203 761 1269 indiciorum.
805 1203 865 1268 His
886 1207 992 1269 autem
1013 1203 1040 1268 si
1061 1223 1124 1267 non
1145 1201 1222 1267 licet
1242 1200 1339 1267 fidem
1361 1201 1527 1286 derogare,
1546 1223 1591 1266 re·

471 1306 643 1392 linquendo
666 1307 764 1372 ctiam
782 1303 899 1372 divinis
920 1311 995 1375 est.“
1044 1306 1084 1370 In
1110 1325 1173 1390 quo
1194 1305 1276 1372 nihil
1298 1305 1402 1372 habco
1422 1305 1511 1389 qood
1531 1305 1594 1372 viro

472 1411 600 1496 egregio
613 1409 764 1494 refragor.
797 1408 859 1476 Sed
873 1410 973 1476 instat
992 1429 1087 1492 porro
1107 1409 1171 1474 alia
1185 1409 1328 1492 quaestio
1350 1409 1451 1475 multo
1464 1409 1595 1495 gravior,

415 1519 424 1534 '
471 1516 602 1601 quinam
621 1513 752 1581 tandem
771 1514 836 1579 sint
863 1513 1023 1580 discorum
1044 1513 1099 1578 isti
1120 1513 1256 1592 sonitus,
1285 1512 1396 1580 dextre
1417 1514 1557 1598 neglecti
1577 1535 1595 1578 a

474 1619 613 1698 Reiskio,
634 1641 653 1684 e
673 1619 789 1704 quibos
808 1613 900 1684 iuxta
919 1637 992 1683 cum
1013 1616 1128 1682 divinis
1149 1615 1276 1682 iudiciis
1298 1620 1420 1682 certium
1440 1613 1597 1698 quoddam

473 1727 522 1793 rei
543 1725 766 1791 documentum
790 1722 979 1806 capi'posso
1000 1721 1117 1788 dixisse
1138 1725 1283 1787 censetur
1303 1720 1515 1786 Plutarchus?
1543 1719 1593 1784 At·

472 1852 533 1916 quc
551 1815 632 1895 illud
643 1828 773 1913 quidem
794 1827 913 1911 ambigi
928 1847 992 1891 non
1011 1825 1170 1891 immerito
1190 1830 1331 1907 poterat,
1352 1831 1480 1892 rectene
1498 1824 1594 1890 disco·

471 1949 543 1994 rum
563 1929 686 1994 sonitus
705 1927 840 2012 cogitosi
861 1930 992 2009 possent
1011 1931 1074 1990 orte
1094 1931 1221 1990 homone
1244 1923 1355 1993 effecti
1398 1925 1469 1991 Non
1490 1927 1596 2008 inepte
1686 1923 1687 1944 ³

471 2028 557 2093 enim
582 2026 786 2094 hauddubie
808 2025 927 2092 dixeris
944 2025 1039 2091 loces
1067 2047 1140 2090 com
1167 2025 1269 2092 modis
1290 2026 1476 2094 ardentibus
1497 2029 1594 2094 homi·

474 2147 550 2192 nom
563 2125 710 2192 manibus
723 2129 913 2206 conparatas
925 2125 1145 2208 sublatosque,
1164 2125 1262 2192 veluti
1275 2128 1379 2192 nuntii
1398 2127 1598 2213 longinquius

471 2227 642 2294 colonosve
662 2225 861 2311 propagandi
890 2246 1002 2306 canem
1030 2226 1203 2310 eodemque
1231 2227 1300 2293 iore
1331 2228 1449 2296 dixeris
1470 2251 1595 2315 gnomo-
1686 2229 1687 2244 ¹

472 2355 546 2400 nem
572 2336 710 2401 hominis
738 2334 876 2401 artificio
901 2335 949 2400 ita
976 2334 1112 2414 institui,
1142 2340 1180 2399 ut
1208 2337 1322 2402 umbre
1349 2339 1494 2404 umbilici
1519 2343 1595 2405 tem·

471 2439 559 2522 poris
587 2439 789 2523 significandi
820 2459 918 2504 causa
949 2443 1068 2504 certam
1090 2442 1122 2504 et
1144 2437 1307 2506 definitam
1328 2462 1510 2508 mensuram
1530 2441 1594 2510 effi·

471 2545 550 2623 ciat;
571 2566 683 2610 verum
703 2544 811 2627 ecquis
831 2564 973 2627 unquam
991 2543 1121 2609 rescivit
1142 2544 1280 2610 sonitum
1302 2545 1395 2625 disci,
1416 2547 1509 2630 quasi
1531 2569 1595 2614 mu·

477 2649 577 2714 sinim
609 2654 695 2714 osset
725 2649 986 2726 instrumentum,
1025 2649 1195 2716 cuiuslibet
1221 2649 1270 2714 rei
1298 2652 1522 2718 monstrandae
1550 2651 1599 2720 vel

473 2753 661 2821 indicandae
692 2754 797 2840 gratia
818 2753 988 2823 artificiose
1010 2754 1163 2820 excitari?
1204 2753 1338 2821 Accedit
1364 2756 1425 2823 hoc
1453 2757 1596 2843 gravissi-

472 2879 573 2936 mom,
595 2856 681 2941 qood
701 2877 831 2939 prorsus
849 2856 1015 2941 ignoretur
1042 2855 1197 2940 quidnam
1219 2857 1349 2923 omnino
1369 2858 1529 2925 discorum
1549 2880 1596 2925 so·

473 2961 545 3025 nitu
565 2959 778 3045 significatum
796 2960 901 3027 luerit
945 2961 984 3025 In
1005 2960 1173 3043 propatulo
1196 2966 1244 3027 ost
1266 2962 1367 3041 enim,
1394 2961 1519 3030 discum
1537 2986 1600 3031 noo

470 3067 565 3131 aliter
585 3074 677 3148 posse
698 3066 836 3131 sonitum
855 3066 967 3144 edere,
996 3067 1058 3139 nisi
1087 3066 1214 3150 quando
1241 3088 1313 3133 com
1341 3068 1525 3137 viomissus
1546 3092 1595 3137 ce·

471 3169 575 3236 dentis
595 3170 680 3235 siris
701 3170 869 3236 stridorem
890 3170 1049 3254 quendem
1070 3176 1166 3255 atque
1188 3172 1346 3253 crepitum
1366 3172 1493 3240 efficiat.
1515 3173 1598 3240 Nsm

380 3314 383 3318 -
474 3293 569 3356 qoem
590 3270 717 3337 mirifici
738 3271 834 3337 huius
854 3270 1014 3339 diacorum
1035 3273 1106 3339 soni
1128 3272 1309 3355 explicandi
1326 3294 1425 3343 causa
1435 3275 1601 3360 Xylandro
1686 3332 1687 3357 1

475 3397 603 3443 suasore
631 3375 781 3442 adferunt
808 3376 913 3442 locum
942 3398 982 3443 ex
1003 3376 1067 3443 Cic.
1089 3377 1129 3443 de
1159 3383 1237 3445 orat.
1260 3378 1306 3457 Π,
1329 3385 1365 3457 5,
1388 3386 1442 3446 21:
1481 3402 1549 3446 nom
1574 3388 1601 3447 ct

472 3490 597 3552 nauto
616 3490 721 3551 multis
740 3492 806 3551 onte
822 3491 978 3572 measse
997 3492 1109 3552 s'nomtc
1126 3494 1196 3553 suot
1216 3510 1301 3573 wem
1324 3496 1356 3553 io
1376 3495 1417 3555 iis
1432 3495 1607 3577 philosophi

468 3598 589 3677 ponde
608 3599 777 3677 oocpowm
796 3598 826 3657 et
846 3598 898 3657 too
917 3598 983 3677 ipso
1003 3600 1128 3677 ternpore
1149 3616 1216 3658 com
1244 3600 1341 3661 onnia
1358 3602 1515 3680 pponam
1530 3602 1602 3681 psi·-

469 3698 582 3777 loecpii
600 3700 727 3773 marat,
748 3701 844 3759 tomm
864 3717 964 3761 corum
985 3698 1131 3761 auditores
1153 3698 1304 3762 discum
1334 3700 1472 3764 audire
1495 3700 1605 3783 [pum
1686 3748 1687 3751 ,

463 3800 722 3885 philosophum*)l
739 3802 859 3880 motum,
880 3806 935 3885 qui
945 3806 1038 3865 sc'mut
1048 3808 1083 3865 ut
1096 3806 1258 3886 increpuit,
1274 3808 1307 3867 io
1322 3806 1416 3868 media
1430 3809 1556 3871 oratioue
1569 3808 1607 3871 de

469 3908 613 3970 mominis
628 3908 714 3968 retus
727 3910 756 3967 ct
768 3909 954 3987 prccs'snmis
969 3907 1165 3988 dispicientem
1171 3908 1380 3989 philosophum
1389 3930 1485 3972 mcum
1494 3913 1607 3973 uanio-

468 4014 516 4075 πίε
532 4030 619 4074 muso
631 4012 808 4091 retiicpuuut,
825 4008 854 4073 is
868 4009 934 4074 dici
946 4028 1011 4075 nou
1023 4014 1128 4091 potest
1142 4029 1238 4095 quam
1252 4010 1422 4077 infeliciter
1435 4012 1606 4099 adlegatos

472 4112 523 4178 sic
546 4108 690 4192 Adparet
703 4108 790 4173 enim
802 4108 885 4173 nihil
898 4108 987 4173 aliod
1002 4110 1178 4191 perspicuis
1192 4109 1244 4175 his
1254 4108 1416 4176 Ciceronis
1427 4112 1534 4179 verbis
1547 4112 1606 4179 de·

469 4216 592 4293 clareii,
606 4234 700 4297 quam
712 4211 887 4295 permiiltos
897 4233 973 4291 esse,
985 4214 1041 4297 qui
1056 4214 1220 4297 gymnasia
1231 4234 1326 4297 qoem
1339 4213 1606 4298 philosophorum

470 4311 810 4397 scholusireqoentcre
823 4316 1013 4393 praeoptent
1023 4316 1118 4395 atque
1130 4316 1307 4378 laodomam
1316 4315 1529 4380 delectationem
1536 4337 1610 4399 prc-
1686 4368 1687 4413 ᾗ

475 4479 683 4495 ..ῳ-1

535 4572 560 4637 'l
581 4571 654 4624 llaec
681 4573 787 4637 quidem
813 4574 866 4625 duo
893 4574 1039 4625 rectissime
1063 4590 1122 4627 mes
1148 4578 1292 4643 sententis,
1318 4577 1414 4644 qqupe
1432 4591 1542 4644 prorsus
1562 4577 1605 4629 in·
1686 4574 1687 4631 ἶ

468 4661 554 4726 noos,
580 4659 704 4725 monum
727 4659 870 4725 praecedat
891 4673 975 4710 eorum
996 4660 1138 4725 audium,
1165 4662 1328 4714 enimdeudo
1353 4662 1526 4717 arbitrcbstor
1548 4664 1605 4715 loa
1686 4690 1687 4715 r

471 4749 542 4802 Bake
557 4746 724 4815 nuperrimos
742 4745 837 4799 horum
852 4746 982 4801 istrorum
998 4747 1090 4801 editor.
