3700 5625
917 603 1131 669 ..48-

465 757 607 826 bandum
626 763 756 846 esset‘),
777 767 815 828 ut
833 783 918 830 nnnc
939 787 990 834 res
1011 771 1072 845 est,
1093 766 1240 834 dubitare
1262 767 1386 848 licebit,
1419 789 1496 834 num
1517 767 1586 834 Plu-

465 861 595 926 tarchus
615 863 722 944 potius
747 865 912 948 scripserit
943 867 1272 951 διακεχυμένον,
1299 869 1385 955 quod
1412 874 1446 936 et
1467 870 1588 955 insigne

467 963 509 1029 ad
529 965 751 1034 efficacitatem
772 968 1012 1054 significationis
1034 977 1083 1038 est
1102 973 1233 1038 verbum
1255 973 1429 1060 (Wyttenb.
1451 973 1493 1040 ad
1512 973 1587 1039 Mor.

466 1088 497 1149 p.
524 1074 586 1136 595
614 1068 685 1157 Ox.)
716 1077 749 1136 et
777 1071 998 1157 frequentatur
1025 1075 1196 1142 Plutarcho
1224 1075 1356 1161 aliisque
1387 1077 1426 1144 de
1461 1099 1588 1160 corpore

466 1174 610 1241 animove
629 1176 791 1261 voluptate
809 1180 933 1260 ciffum,
956 1189 992 1245 ut
1011 1181 1205 1248 contrarium
1226 1181 1293 1249 fere
1314 1182 1433 1249 habeut
1454 1182 1589 1249 συστέλ-

467 1281 592 1346 λεσθαι
617 1277 800 1364 (Wyttenb.
829 1281 850 1350 l.
878 1281 897 1346 l.
928 1303 957 1366 p.
994 1287 1081 1368 103.)
1133 1284 1236 1370 Atque
1273 1283 1435 1350 simillima
1464 1305 1589 1368 prorsus

535 1571 562 1637 ¹¹)
581 1569 631 1624 Gir.
654 1571 758 1634 Quscst
778 1570 844 1624 Plut.
855 1570 892 1622 lv
910 1588 936 1638 p.
957 1572 999 1626 32.
1029 1571 1108 1624 Locis
1126 1573 1163 1624 ibi
1180 1572 1275 1625 adlatis
1294 1573 1433 1624 addendus
1451 1578 1506 1623 eret
1526 1570 1588 1624 Plut.

465 1665 528 1719 liar.
546 1666 580 1719 36
597 1665 635 1731 τῷ
657 1657 764 1734 σώματι
787 1667 856 1738 πρὶν
877 1660 1039 1718 ἐκλελύσθαι
1062 1661 1242 1718 παντάπασιν
1266 1672 1292 1716 et
1316 1664 1395 1718 lsocr.
1423 1665 1518 1730 l’aneg.
1543 1665 1588 1715 1511

464 1749 536 1824 πρὸς
552 1749 601 1807 τὸν
617 1747 745 1821 πόλεμον
762 1751 955 1824 ἐκλελυμένος,
972 1754 1068 1818 quibus
1088 1767 1210 1819 conpone
1228 1769 1261 1804 ex
1279 1753 1467 1804 recentioribus
1480 1749 1587 1818 llieeph.

466 1841 547 1896 Phoc.
567 1844 601 1895 de
619 1843 670 1897 vel.
688 1842 750 1896 bell.
768 1857 794 1908 p.
815 1841 873 1907 192,
896 1843 926 1892 17
948 1841 985 1902 (οἱ
1003 1843 1097 1906 ἵπποι)
1116 1842 1146 1896 ἐν
1164 1845 1252 1912 καιρῷ
1268 1845 1393 1914 πολέμου
1416 1841 1587 1912 ἐκλελυμένοι

465 1927 639 2005 εὑρίσκονται
657 1932 724 1984 conl.
745 1929 914 1982 Schoemann
932 1931 966 1981 ad
978 1927 1076 1982 Clecm.
1096 1945 1121 1996 p.
1132 1929 1188 1984 181.
1208 1928 1358 1982 Ceterorum
1376 1943 1444 1994 quac
1461 1929 1489 1980 in
1502 1933 1589 1993 quarta

466 2023 650 2088 quaestionum
668 2021 794 2088 particula
812 2021 986 2094 disseruimus
1004 2017 1057 2071 hoc
1076 2019 1184 2071 accedat
1201 2019 1426 2086 supplementum:

535 2107 598 2172 Pag.
620 2108 634 2157 7
647 2106 716 2157 adde
729 2105 822 2159 Athen.
838 2106 847 2154 l
859 2119 885 2172 p.
907 2105 939 2156 16
949 2120 964 2156 a
975 2100 1062 2172 δήσας
1076 2102 1163 2160 ὀπίσω
1180 2101 1216 2156 roi
1227 2109 1303 2174 χεῖρε
1320 2104 1472 2173 δεδεμένον
1484 2099 1588 2156 ἰλαύνει

463 2201 490 2247 et
498 2194 575 2248 Hom.
596 2199 625 2247 Φ
642 2195 675 2246 36
695 2194 762 2261 δῆσε
779 2192 804 2247 δ
818 2191 925 2248 ὀπίσσω
935 2199 1030 2264 χεῖρας
1047 2187 1222 2264 ἔτιτμήτοιστν
1237 2195 1342 2263 ἱμᾶσιν,
1356 2193 1453 2258 quibus
1465 2191 1589 2258 exemplis

467 2301 509 2355 res
527 2285 613 2350 magis
632 2285 711 2336 etiam
727 2283 879 2337 absolvitur.
1141 2357 1143 2360 ι

534 2373 598 2440 Pag.
610 2374 634 2426 8.
651 2371 784 2438 Exemplis
797 2387 864 2438 quae
875 2378 965 2424 contra
975 2372 1117 2438 loquuntur
1129 2373 1197 2424 adde
1208 2372 1263 2426 Aul.
1277 2390 1300 2425 v.
1311 2373 1339 2427 h.
1350 2371 1420 2437 XtV,
1431 2374 1463 2424 22
1475 2371 1587 2442 ἀφίκετο

371 2471 374 2476 ·
465 2459 502 2514 εἰς
513 2451 563 2522 τὴν
577 2448 760 2528 ἀγορύν,εἷτα
778 2454 878 2508 ἔκλαε
896 2452 977 2516 στὰς
993 2458 1106 2516 πολλοῖς
1124 2452 1183 2526 ἅμα
1202 2459 1247 2509 καὶ
1262 2459 1390 2530 θαλεροῖς
1405 2454 1544 2528 (δακρύοις,
1562 2464 1588 2509 ut

465 2558 535 2595 nunc
560 2543 593 2594 de
617 2543 774 2595 necessitate
800 2543 992 2595 emendationis
1020 2547 1098 2595 'meae
1127 2544 1312 2609 subdubitem,
1343 2559 1404 2596 cum
1437 2545 1587 2610 praesertim

465 2631 543 2683 ctiam
561 2629 693 2681 Luciacus
710 2628 774 2682 Luc.
794 2629 826 2680 37
851 2630 901 2682 sibi
919 2629 1066 2695 permiserit
1092 2625 1165 2701 ὀροῖν
1191 2627 1223 2682 τδ
1248 2633 1344 2702 προῖκα
1368 2631 1485 2702 ἔτρεμον
1500 2627 1588 2696 ἑστώς,

465 2730 624 2782 quamquam
643 2715 716 2767 idem
734 2717 760 2767 in
779 2715 842 2769 dial.
862 2721 963 2771 meretr.
985 2717 1027 2782 14,
1050 2719 1061 2769 1
1082 2719 1242 2784 praeoptavit
1259 2717 1357 2785 ἕστηκα
1375 2713 1513 2790 δακρύων.
1547 2717 1590 2772 Ut-

465 2818 570 2870 cunque
586 2819 627 2855 res
648 2809 698 2869 est,
717 2802 798 2856 multo
819 2808 890 2856 certe
907 2803 1084 2869 frequentius,
1114 2819 1191 2871 quam
1219 2822 1270 2872 ego
1291 2811 1317 2858 et
1336 2805 1481 2861 lexicorum
1499 2807 1589 2859 coodi-

464 2897 534 2941 tores
561 2890 659 2955 opinati
685 2904 793 2955 sumus,
820 2890 889 2956 apud
914 2904 1008 2956 prosae
1033 2890 1158 2943 orationis
1184 2892 1324 2958 scriptores
1352 2894 1464 2945 occurrit
1486 2896 1590 2947 στένειν

464 2975 544 3030 veluti
561 2975 624 3029 Luc.
645 2976 706 3029 dial.
726 2981 828 3028 merctr.
852 2975 921 3042 11,1
942 2976 1005 3029 Luc.
1021 2976 1053 3027 35
1072 2976 1191 3043 Xenoph.
1205 2976 1302 3044 Ephes.
1321 2976 1357 3043 ll,
1376 2980 1391 3033 8
1410 2978 1536 3033 Themist.
1556 2995 1592 3032 cr.

464 3082 490 3134 p.
508 3065 565 3116 924
589 3064 639 3117 Dio
657 3062 792 3136 chrysost
812 3082 849 3118 or.
867 3062 959 3115 XLVll
978 3081 1003 3131 p.
1026 3066 1085 3130 135,
1106 3066 1137 3116 15
1158 3065 1187 3119 D.
1224 3064 1250 3118 S.
1271 3063 1362 3135 Chrys.
1385 3082 1411 3133 p.
1432 3067 1495 3131 186,
1516 3068 1547 3119 10
1566 3082 1591 3133 p.

464 3156 525 3221 393,
545 3158 561 3209 6
580 3171 606 3223 p.
625 3155 685 3221 395,
704 3159 720 3209 6
739 3157 813 3207 Anna
830 3152 922 3208 Cornu.
944 3171 969 3222 p.
990 3156 1033 3220 21,
1055 3154 1070 3206 3
1089 3172 1113 3221 p.
1133 3156 1193 3220 247,
1213 3156 1228 3207 8
1248 3156 1323 3221 (alias
1342 3172 1367 3223 p.
1386 3158 1429 3220 22,
1450 3157 1480 3207 15
1498 3156 1525 3207 in
1538 3170 1592 3207 sor.

464 3242 596 3307 στενάξας
612 3247 659 3298 καὶ
678 3240 873 3318 ἐπιδακρύσας)
892 3244 983 3297 Zonar.
1003 3244 1094 3297 Annal.
1115 3245 1134 3311 l,
1154 3246 1169 3297 3
1188 3261 1213 3312 p.
1235 3246 1278 3309 24,
1302 3244 1341 3297 ll.
1384 3244 1423 3295 De
1439 3246 1522 3298 verbo
1541 3264 1591 3298 τν-

464 3330 555 3405 ρεύειν
574 3336 685 3401 tigurate
705 3332 776 3385 dicto
801 3332 976 3384 conterendus
1000 3332 1087 3385 adhuc
1111 3332 1201 3385 Zonur.
1220 3334 1237 3386 l.
1257 3333 1274 3386 l.
1298 3332 1347 3399 111,
1369 3334 1384 3383 5
1402 3348 1428 3399 p.
1448 3333 1509 3398 221,
1531 3335 1545 3384 7
1567 3341 1593 3385 ο1

464 3424 611 3494 Theophpl.
630 3423 691 3478 hist.
711 3422 745 3474 lV
763 3438 789 3489 p.
812 3422 871 3487 158,
893 3423 934 3476 11.
953 3418 967 3475 ὁ
986 3418 1122 3493 ἐμφύλιος
1142 3416 1352 3494 κατατσριύεται
1370 3417 1500 3495 πόλεμος.

532 3516 594 3581 Pag.
615 3515 646 3565 10
664 3521 722 3579 sqq.
741 3512 824 3564 adde:
851 3507 958 3583 χρόνον
974 3508 1063 3566 πολύν
1083 3514 1178 3566 eodem
1198 3515 1251 3565 lere
1271 3528 1376 3579 semper
1402 3513 1493 3565 ordine
1517 3516 1595 3581 ponit

444 3619 447 3623 ’
464 3606 609 3672 Procopius
634 3603 713 3655 veluti
730 3601 790 3656 hist.
812 3618 864 3655 arc.
883 3618 909 3668 p.
927 3603 975 3665 94,
997 3604 1025 3654 11
1045 3618 1070 3669 p.
1093 3603 1136 3667 93,
1156 3604 1189 3654 23
1208 3609 1257 3657 etc.
1277 3609 1302 3654 et
1319 3603 1497 3669 probatiorum
1511 3603 1594 3655 Athe-

466 3710 565 3756 naeus3
590 3697 735 3759 permutato
756 3692 863 3757 ordine,
891 3706 969 3756 quem
994 3706 1054 3742 cum
1078 3690 1182 3755 gravius
1207 3690 1328 3757 anteponi
1351 3696 1467 3757 oporteat
1488 3690 1595 3757 leviori,

464 3800 516 3837 usu
525 3784 611 3849 magis
623 3784 710 3834 tritum
725 3783 777 3834 dixi
790 3785 941 3849 praesertim
956 3783 1025 3849 apud
1039 3779 1215 3847 Plutarchum,
1229 3782 1359 3833 invenitur
1371 3782 1448 3832 etiam
1457 3779 1549 3850 Symp.
1558 3782 1595 3847 V,

464 3872 490 3935 7,
504 3870 519 3921 5
532 3884 558 3935 p.
572 3868 622 3920 682
630 3882 654 3932 c,
669 3869 744 3918 cuius
761 3868 952 3920 conlocationis
963 3869 1089 3935 primitias
1101 3874 1126 3919 et
1137 3869 1211 3933 qussi
1223 3867 1364 3921 libamenta
1375 3868 1449 3920 dedit
1461 3868 1597 3921 Homerus

463 3964 489 4011 F
498 3957 584 4030 τοιῇδ’
595 3956 674 4025 αμφὶ
685 3957 796 4024 γυναικὶ
812 3953 903 4009 πολύν
914 3952 1021 4029 χρόνον
1039 3948 1125 4027 ύλμεα
1137 3950 1262 4025 πάσχειν.
1282 3950 1380 4017 Πόλεις
1389 3948 1473 4015 sitlos
1485 3953 1596 4017 πολλὰς

462 4046 588 4113 conponit
612 4045 689 4095 etiam
713 4042 788 4093 Anna
813 4040 904 4097 corno.
928 4058 954 4109 p.
980 4044 1029 4109 22,
1054 4043 1078 4098 3.
1120 4041 1220 4095 Eadem
1243 4042 1407 4113 consuetudo
1435 4043 1529 4107 evicit,
1561 4050 1593 4095 ut

463 4136 534 4205 apud
546 4133 716 4186 Heliodorum
731 4130 768 4197 ll,
782 4131 797 4182 3
816 4139 956 4199 poneretur
968 4129 1020 4187 σύν
1037 4134 1131 4205 ἱδρῶτι
1149 4134 1244 4201 πολλῷ
1261 4133 1328 4185 conl.
1342 4131 1434 4185 Athen.
1447 4132 1506 4198 Vp.
1524 4132 1598 4185 1781

463 4227 589 4286 (πολλοῖς
614 4222 712 4292 ἱδρῶσι
733 4223 780 4273 καὶ
802 4222 920 4293 αἴμασιν
935 4220 990 4272 Leo
1009 4220 1081 4275 Diae.
1105 4238 1132 4289 p.
1158 4224 1220 4287 176,
1243 4223 1302 4285 17),
1325 4216 1378 4273 σὺν
1403 4218 1474 4287 τόνῳ
1499 4222 1598 4287 πολλῷ

462 4308 559 4363 zosim.
578 4325 604 4377 p.
629 4308 679 4359 459
699 4307 733 4372 d,
760 4320 918 4373 quamquam
937 4306 1009 4359 idem
1030 4324 1062 4359 ex
1080 4308 1157 4359 solito
1174 4308 1296 4371 variavit,
1317 4322 1376 4358 eum
1395 4306 1523 4359 scriberet
1540 4303 1598 4359 σύν

462 4398 556 4464 πολλῷ
574 4392 652 4464 πόνῳ
671 4410 697 4463 p.
716 4395 789 4447 tosa
805 4400 832 4447 et
851 4410 876 4460 p.
894 4395 970 4448 4581)
990 4398 1076 4458 (versa
1092 4401 1179 4448 temen
1197 4396 1255 4449 vice
1268 4410 1293 4461 p.
1313 4396 1363 4447 369
1382 4398 1405 4455 c)
1428 4400 1496 4460 etp.
1515 4394 1596 4449 3431)

461 4481 516 4538 σύν
533 4482 566 4537 οδ
584 4486 679 4552 πολλῷ
701 4481 788 4553 πόνῳ.
825 4482 960 4537 Contrario
987 4499 1076 4537 rursus
1101 4484 1182 4535 modo
1201 4478 1280 4551 πόνῳ
1299 4486 1393 4551 πολλῷ
1413 4484 1468 4535 lere
1486 4499 1599 4551 semper

409 4622 415 4636 ,
462 4568 623 4635 Procopius,
643 4569 724 4622 relati
743 4568 805 4623 hist.
825 4568 897 4635 gotis
916 4584 943 4635 p.
963 4568 1029 4633 381,
1054 4571 1068 4619 7
1087 4584 1113 4635 p.
1134 4568 1199 4634 513,
1222 4568 1252 4620 16
1270 4583 1297 4635 p.
1318 4569 1383 4634 526,
1403 4570 1419 4621 4
1440 4584 1465 4635 p.
1487 4570 1554 4636 532,
1576 4570 1594 4621 9

460 4672 487 4724 p.
507 4654 576 4721 587,
595 4655 626 4705 21
649 4651 711 4708 hist.
729 4669 782 4707 erc.
802 4668 828 4721 p.
849 4654 914 4718 126,
935 4653 951 4703 2
970 4658 1047 4719 atque
1065 4651 1183 4705 similiter
1201 4650 1250 4712 ξύν
1267 4651 1324 4705 δέει
1341 4654 1436 4720 πολλῷ
1455 4651 1516 4705 hist
1539 4668 1596 4706 arc.

460 4756 487 4809 p.
503 4740 554 4807 25,
575 4740 586 4791 1
607 4740 684 4792 Anna
699 4734 791 4793 Coma.
809 4754 837 4806 p.
857 4739 919 4805 288,
930 4738 961 4803 5,
982 4734 1032 4800 ξύν
1048 4731 1143 4810 τρόμῳ
1160 4736 1255 4804 πολλῷ
1265 4735 1375 4802 Proccp.
1394 4734 1422 4793 h.
1434 4750 1485 4789 arc.
1501 4739 1531 4805 'p.
1548 4736 1597 4801 32,
