<?xml version="1.0" encoding="UTF-8"?>
<!DOCTYPE html PUBLIC "-//W3C//DTD XHTML 1.0 Transitional//EN"
    "http://www.w3.org/TR/xhtml1/DTD/xhtml1-transitional.dtd">
<html xmlns="http://www.w3.org/1999/xhtml" xml:lang="en" lang="en">
 <head>
  <title>
</title>
<meta http-equiv="Content-Type" content="text/html;charset=utf-8" />
  <meta name='ocr-system' content='tesseract 3.04.00' />
  <meta name='ocr-capabilities' content='ocr_page ocr_carea ocr_par ocr_line ocrx_word'/>
</head>
<body>
  <div class='ocr_page' id='page_1' title='image "./vindiciarumplut00doehgoog_0054.png"; bbox 0 0 3700 5625; ppageno 0'>
   <div class='ocr_carea' id='block_1_1' title="bbox 470 745 1594 1354">
    <p class='ocr_par' dir='ltr' id='par_1_1' title="bbox 470 745 1594 1354">
     <span class='ocr_line' id='line_1_1' title="bbox 556 745 1594 831; baseline 0.001 -18"><span class='ocrx_word' id='word_1_1' title='bbox 556 747 595 813; x_wconf 87' lang='lat' dir='ltr'><strong>In</strong></span> <span class='ocrx_word' id='word_1_2' title='bbox 617 745 728 814; x_wconf 82' lang='grc' dir='ltr'><em>οοδσιυ</em></span> <span class='ocrx_word' id='word_1_3' title='bbox 742 746 846 830; x_wconf 81' lang='lat' dir='ltr'><strong>capite</strong></span> <span class='ocrx_word' id='word_1_4' title='bbox 861 765 892 830; x_wconf 88' lang='lat' dir='ltr'><strong>p.</strong></span> <span class='ocrx_word' id='word_1_5' title='bbox 906 751 995 815; x_wconf 76' lang='lat'><strong>6530</strong></span> <span class='ocrx_word' id='word_1_6' title='bbox 1015 751 1185 831; x_wconf 83' lang='lat' dir='ltr'><strong>postquam</strong></span> <span class='ocrx_word' id='word_1_7' title='bbox 1202 750 1459 816; x_wconf 81' lang='lat' dir='ltr'><strong>commemorauit</strong></span> <span class='ocrx_word' id='word_1_8' title='bbox 1470 747 1594 814; x_wconf 83' lang='lat' dir='ltr'><strong>nullum</strong></span> 
     </span>
     <span class='ocr_line' id='line_1_2' title="bbox 472 847 1593 930; baseline -0.003 -14"><span class='ocrx_word' id='word_1_9' title='bbox 472 848 659 916; x_wconf 88' lang='lat' dir='ltr'><strong>omninode</strong></span> <span class='ocrx_word' id='word_1_10' title='bbox 680 870 716 914; x_wconf 88' lang='lat' dir='ltr'><strong>rc</strong></span> <span class='ocrx_word' id='word_1_11' title='bbox 738 868 873 914; x_wconf 83' lang='lat' dir='ltr'><strong>venerea</strong></span> <span class='ocrx_word' id='word_1_12' title='bbox 891 868 950 930; x_wconf 89' lang='lat' dir='ltr'><strong>per</strong></span> <span class='ocrx_word' id='word_1_13' title='bbox 971 869 1083 913; x_wconf 87' lang='lat' dir='ltr'><strong>cenam</strong></span> <span class='ocrx_word' id='word_1_14' title='bbox 1103 847 1327 930; x_wconf 76' lang='lat' dir='ltr'><strong>disputationis</strong></span> <span class='ocrx_word' id='word_1_15' title='bbox 1347 849 1433 916; x_wconf 84' lang='lat' dir='ltr'><strong>inter</strong></span> <span class='ocrx_word' id='word_1_16' title='bbox 1453 847 1593 914; x_wconf 81' lang='lat' dir='ltr'><strong>seniores</strong></span> 
     </span>
     <span class='ocr_line' id='line_1_3' title="bbox 472 947 1589 1034; baseline 0 -16"><span class='ocrx_word' id='word_1_17' title='bbox 472 957 506 1018; x_wconf 82' lang='lat' dir='ltr'><strong>ct</strong></span> <span class='ocrx_word' id='word_1_18' title='bbox 524 952 653 1018; x_wconf 87' lang='lat' dir='ltr'><strong>iuvenes</strong></span> <span class='ocrx_word' id='word_1_19' title='bbox 672 951 777 1017; x_wconf 91' lang='lat' dir='ltr'><strong>locum</strong></span> <span class='ocrx_word' id='word_1_20' title='bbox 799 972 880 1028; x_wconf 87' lang='lat' dir='ltr'><strong>esse,</strong></span> <span class='ocrx_word' id='word_1_21' title='bbox 902 950 1044 1017; x_wconf 86' lang='lat' dir='ltr'><strong>indicata</strong></span> <span class='ocrx_word' id='word_1_22' title='bbox 1063 956 1136 1034; x_wconf 86' lang='lat' dir='ltr'><strong>post</strong></span> <span class='ocrx_word' id='word_1_23' title='bbox 1157 947 1228 1032; x_wconf 81' lang='grc' dir='ltr'><em>οὐχι</em></span> <span class='ocrx_word' id='word_1_24' title='bbox 1248 952 1376 1033; x_wconf 86' lang='lat' dir='ltr'><strong>lacuna,</strong></span> <span class='ocrx_word' id='word_1_25' title='bbox 1404 955 1484 1020; x_wconf 89' lang='lat' dir='ltr'><strong>haec</strong></span> <span class='ocrx_word' id='word_1_26' title='bbox 1503 951 1589 1018; x_wconf 85' lang='lat' dir='ltr'><strong>dein-</strong></span> 
     </span>
     <span class='ocr_line' id='line_1_4' title="bbox 470 1047 1590 1144; baseline 0 -24"><span class='ocrx_word' id='word_1_27' title='bbox 470 1073 545 1138; x_wconf 88' lang='lat' dir='ltr'><strong>ccps</strong></span> <span class='ocrx_word' id='word_1_28' title='bbox 565 1057 755 1138; x_wconf 85' lang='lat' dir='ltr'><strong>sequuntur:</strong></span> <span class='ocrx_word' id='word_1_29' title='bbox 786 1049 872 1141; x_wconf 83' lang='grc' dir='ltr'><em>πρὸς</em></span> <span class='ocrx_word' id='word_1_30' title='bbox 892 1054 998 1118; x_wconf 81' lang='grc' dir='ltr'><em>ταῦτα</em></span> <span class='ocrx_word' id='word_1_31' title='bbox 1027 1047 1141 1134; x_wconf 75' lang='grc' dir='ltr'><em>οἱμὲν</em></span> <span class='ocrx_word' id='word_1_32' title='bbox 1168 1051 1226 1118; x_wconf 84' lang='grc' dir='ltr'><strong>τὸν</strong></span> <span class='ocrx_word' id='word_1_33' title='bbox 1254 1054 1455 1144; x_wconf 75' lang='grc' dir='ltr'><em>Ξενοφῶντα</em></span> <span class='ocrx_word' id='word_1_34' title='bbox 1484 1053 1590 1141; x_wconf 76' lang='grc' dir='ltr'><em>παρέ-</em></span> 
     </span>
     <span class='ocr_line' id='line_1_5' title="bbox 470 1152 1593 1244; baseline -0.002 -19"><span class='ocrx_word' id='word_1_35' title='bbox 470 1159 586 1244; x_wconf 80' lang='grc' dir='ltr'><em>λαβον,</em></span> <span class='ocrx_word' id='word_1_36' title='bbox 609 1152 663 1237; x_wconf 77' lang='grc' dir='ltr'><strong>ὥς</strong></span> <span class='ocrx_word' id='word_1_37' title='bbox 685 1154 901 1244; x_wconf 73' lang='grc' dir='ltr'><em>ἀπάγοντα</em></span> <span class='ocrx_word' id='word_1_38' title='bbox 920 1155 1017 1235; x_wconf 79' lang='grc' dir='ltr'><strong>τούς</strong></span> <span class='ocrx_word' id='word_1_39' title='bbox 1043 1156 1268 1239; x_wconf 83' lang='grc' dir='ltr'><strong><em>συμπότας</em></strong></span> <span class='ocrx_word' id='word_1_40' title='bbox 1295 1156 1401 1242; x_wconf 83' lang='grc' dir='ltr'><em>μετά</em></span> <span class='ocrx_word' id='word_1_41' title='bbox 1422 1160 1593 1226; x_wconf 80' lang='grc' dir='ltr'><em>δεῖπνον</em></span> 
     </span>
     <span class='ocr_line' id='line_1_6' title="bbox 471 1258 1594 1354; baseline -0.004 -22"><span class='ocrx_word' id='word_1_42' title='bbox 471 1258 561 1347; x_wconf 75' lang='grc' dir='ltr'><em>οὐχι</em></span> <span class='ocrx_word' id='word_1_43' title='bbox 580 1313 589 1330; x_wconf 91' lang='grc'><strong>.</strong></span> <span class='ocrx_word' id='word_1_44' title='bbox 608 1316 645 1331; x_wconf 86' lang='grc'><strong>..</strong></span> <span class='ocrx_word' id='word_1_45' title='bbox 680 1261 742 1352; x_wconf 78' lang='grc' dir='ltr'><strong>ἐφ’</strong></span> <span class='ocrx_word' id='word_1_46' title='bbox 772 1263 917 1330; x_wconf 74' lang='grc' dir='ltr'><em>ἵππων</em></span> <span class='ocrx_word' id='word_1_47' title='bbox 941 1262 1010 1330; x_wconf 76' lang='grc' dir='ltr'><strong>ἐπὶ</strong></span> <span class='ocrx_word' id='word_1_48' title='bbox 1033 1261 1268 1342; x_wconf 77' lang='grc' dir='ltr'><strong><em>συνουσίας</em></strong></span> <span class='ocrx_word' id='word_1_49' title='bbox 1296 1265 1404 1354; x_wconf 86' lang='grc' dir='ltr'><em>πρὸς</em></span> <span class='ocrx_word' id='word_1_50' title='bbox 1427 1263 1502 1342; x_wconf 82' lang='grc' dir='ltr'><em>τάς</em></span> <span class='ocrx_word' id='word_1_51' title='bbox 1522 1287 1594 1352; x_wconf 76' lang='grc' dir='ltr'><strong>γυ·</strong></span> 
     </span>
    </p>
   </div>
   <div class='ocr_carea' id='block_1_2' title="bbox 1609 1117 1627 1148">
    <p class='ocr_par' dir='ltr' id='par_1_2' title="bbox 1609 1117 1627 1148">
     <span class='ocr_line' id='line_1_7' title="bbox 1609 1117 1627 1148; baseline 0 0"><span class='ocrx_word' id='word_1_52' title='bbox 1609 1117 1627 1148; x_wconf 63' lang='lat' dir='ltr'>D</span> 
     </span>
    </p>
   </div>
   <div class='ocr_carea' id='block_1_3' title="bbox 468 1465 1597 2415">
    <p class='ocr_par' dir='ltr' id='par_1_3' title="bbox 470 1465 1595 1627">
     <span class='ocr_line' id='line_1_8' title="bbox 471 1465 1595 1543; baseline -0.006 -15"><span class='ocrx_word' id='word_1_53' title='bbox 471 1473 575 1538; x_wconf 75' lang='lat' dir='ltr'><strong>Quaest</strong></span> <span class='ocrx_word' id='word_1_54' title='bbox 599 1471 656 1525; x_wconf 83' lang='lat' dir='ltr'><strong>Nat.</strong></span> <span class='ocrx_word' id='word_1_55' title='bbox 683 1471 713 1522; x_wconf 85' lang='grc'><strong>19</strong></span> <span class='ocrx_word' id='word_1_56' title='bbox 735 1485 762 1537; x_wconf 87' lang='lat' dir='ltr'><strong>p.</strong></span> <span class='ocrx_word' id='word_1_57' title='bbox 780 1471 859 1522; x_wconf 76' lang='lat'>9160</span> <span class='ocrx_word' id='word_1_58' title='bbox 884 1465 950 1522; x_wconf 75' lang='grc' dir='ltr'><em>ὅταν</em></span> <span class='ocrx_word' id='word_1_59' title='bbox 971 1469 1049 1543; x_wconf 81' lang='grc' dir='ltr'><em>δείσῃ</em></span> <span class='ocrx_word' id='word_1_60' title='bbox 1072 1472 1111 1538; x_wconf 75' lang='grc' dir='ltr'><em>τῷ</em></span> <span class='ocrx_word' id='word_1_61' title='bbox 1131 1465 1269 1539; x_wconf 83' lang='grc' dir='ltr'><em>πνεύματι</em></span> <span class='ocrx_word' id='word_1_62' title='bbox 1292 1465 1470 1540; x_wconf 80' lang='grc' dir='ltr'><em>τρεπόμενος.</em></span> <span class='ocrx_word' id='word_1_63' title='bbox 1515 1469 1595 1521; x_wconf 75' lang='lat' dir='ltr'><strong>Mani-</strong></span> 
     </span>
     <span class='ocr_line' id='line_1_9' title="bbox 470 1550 1235 1627; baseline 0.003 -18"><span class='ocrx_word' id='word_1_64' title='bbox 470 1557 568 1610; x_wconf 77' lang='lat' dir='ltr'><strong>festum</strong></span> <span class='ocrx_word' id='word_1_65' title='bbox 588 1563 629 1610; x_wconf 87' lang='lat' dir='ltr'><strong>cst</strong></span> <span class='ocrx_word' id='word_1_66' title='bbox 646 1555 762 1609; x_wconf 88' lang='lat' dir='ltr'><strong>Psellum</strong></span> <span class='ocrx_word' id='word_1_67' title='bbox 784 1554 892 1606; x_wconf 76' lang='lat' dir='ltr'><strong>dedisse</strong></span> <span class='ocrx_word' id='word_1_68' title='bbox 910 1553 987 1625; x_wconf 74' lang='grc' dir='ltr'><em>άέρι</em></span> <span class='ocrx_word' id='word_1_69' title='bbox 1007 1550 1235 1627; x_wconf 79' lang='grc' dir='ltr'><em>τρεπόμενος.</em></span> 
     </span>
    </p>

    <p class='ocr_par' dir='ltr' id='par_1_4' title="bbox 468 1646 1595 2065">
     <span class='ocr_line' id='line_1_10' title="bbox 538 1646 1595 1715; baseline -0.001 -15"><span class='ocrx_word' id='word_1_70' title='bbox 538 1649 602 1715; x_wconf 70' lang='lat' dir='ltr'><strong>Pap.</strong></span> <span class='ocrx_word' id='word_1_71' title='bbox 623 1649 654 1700; x_wconf 84' lang='grc'><strong>18</strong></span> <span class='ocrx_word' id='word_1_72' title='bbox 673 1649 700 1700; x_wconf 87' lang='lat' dir='ltr'><strong>in</strong></span> <span class='ocrx_word' id='word_1_73' title='bbox 718 1646 778 1700; x_wconf 94' lang='lat' dir='ltr'><strong>loco</strong></span> <span class='ocrx_word' id='word_1_74' title='bbox 795 1646 927 1700; x_wconf 78' lang='lat' dir='ltr'><strong>Plutarchi</strong></span> <span class='ocrx_word' id='word_1_75' title='bbox 946 1654 1046 1712; x_wconf 83' lang='lat' dir='ltr'><strong>quaest</strong></span> <span class='ocrx_word' id='word_1_76' title='bbox 1071 1653 1153 1702; x_wconf 80' lang='lat' dir='ltr'><strong>natm.</strong></span> <span class='ocrx_word' id='word_1_77' title='bbox 1172 1649 1205 1699; x_wconf 78' lang='lat'><strong>22</strong></span> <span class='ocrx_word' id='word_1_78' title='bbox 1225 1664 1249 1714; x_wconf 90' lang='lat' dir='ltr'><strong>p.</strong></span> <span class='ocrx_word' id='word_1_79' title='bbox 1268 1649 1342 1699; x_wconf 87' lang='grc' dir='ltr'><em>91ἵι1</em></span> <span class='ocrx_word' id='word_1_80' title='bbox 1367 1649 1460 1700; x_wconf 81' lang='lat' dir='ltr'><strong>ininrla</strong></span> <span class='ocrx_word' id='word_1_81' title='bbox 1481 1648 1595 1699; x_wconf 83' lang='lat' dir='ltr'><strong>tortasse</strong></span> 
     </span>
     <span class='ocr_line' id='line_1_11' title="bbox 469 1733 1594 1804; baseline -0.003 -12"><span class='ocrx_word' id='word_1_82' title='bbox 469 1737 607 1792; x_wconf 69' lang='lat' dir='ltr'><strong>sollicitavi</strong></span> <span class='ocrx_word' id='word_1_83' title='bbox 627 1737 708 1790; x_wconf 82' lang='lat' dir='ltr'><strong>serbe</strong></span> <span class='ocrx_word' id='word_1_84' title='bbox 724 1741 815 1790; x_wconf 77' lang='grc' dir='ltr'><em>πέττει</em></span> <span class='ocrx_word' id='word_1_85' title='bbox 832 1737 862 1789; x_wconf 77' lang='grc' dir='ltr'><strong>δὲ</strong></span> <span class='ocrx_word' id='word_1_86' title='bbox 881 1733 1012 1789; x_wconf 82' lang='grc' dir='ltr'><em>κάλλιστα</em></span> <span class='ocrx_word' id='word_1_87' title='bbox 1031 1733 1065 1788; x_wconf 74' lang='grc' dir='ltr'><em>τά</em></span> <span class='ocrx_word' id='word_1_88' title='bbox 1085 1737 1273 1804; x_wconf 73' lang='grc' dir='ltr'><em>διαπνέον,</em></span> <span class='ocrx_word' id='word_1_89' title='bbox 1291 1738 1362 1802; x_wconf 89' lang='lat' dir='ltr'><strong>quod</strong></span> <span class='ocrx_word' id='word_1_90' title='bbox 1381 1738 1473 1790; x_wconf 83' lang='lat' dir='ltr'><strong>nescio</strong></span> <span class='ocrx_word' id='word_1_91' title='bbox 1491 1752 1524 1789; x_wconf 84' lang='lat' dir='ltr'><strong>an</strong></span> <span class='ocrx_word' id='word_1_92' title='bbox 1541 1755 1594 1789; x_wconf 90' lang='lat' dir='ltr'><strong>non</strong></span> 
     </span>
     <span class='ocr_line' id='line_1_12' title="bbox 469 1807 1594 1895; baseline -0.002 -16"><span class='ocrx_word' id='word_1_93' title='bbox 469 1826 536 1879; x_wconf 90' lang='lat' dir='ltr'><strong>tueri</strong></span> <span class='ocrx_word' id='word_1_94' title='bbox 555 1819 633 1877; x_wconf 83' lang='lat' dir='ltr'><strong>liceat</strong></span> <span class='ocrx_word' id='word_1_95' title='bbox 649 1825 770 1893; x_wconf 83' lang='lat' dir='ltr'><strong>exemplo</strong></span> <span class='ocrx_word' id='word_1_96' title='bbox 789 1823 931 1878; x_wconf 84' lang='lat' dir='ltr'><strong>Clementis</strong></span> <span class='ocrx_word' id='word_1_97' title='bbox 949 1827 1020 1879; x_wconf 80' lang='lat' dir='ltr'><strong>Alex.</strong></span> <span class='ocrx_word' id='word_1_98' title='bbox 1041 1824 1121 1879; x_wconf 86' lang='lat' dir='ltr'><strong>Psed.</strong></span> <span class='ocrx_word' id='word_1_99' title='bbox 1140 1825 1150 1875; x_wconf 99' lang='lat' dir='ltr'><strong>l</strong></span> <span class='ocrx_word' id='word_1_100' title='bbox 1168 1807 1278 1892; x_wconf 69' lang='grc' dir='ltr'><em>ρ.’122,</em></span> <span class='ocrx_word' id='word_1_101' title='bbox 1302 1828 1335 1878; x_wconf 76' lang='grc'><strong>15</strong></span> <span class='ocrx_word' id='word_1_102' title='bbox 1359 1823 1428 1878; x_wconf 75' lang='grc' dir='ltr'><em>ἀλλὰ</em></span> <span class='ocrx_word' id='word_1_103' title='bbox 1452 1821 1594 1895; x_wconf 84' lang='grc' dir='ltr'><em>μεταβάλ-</em></span> 
     </span>
     <span class='ocr_line' id='line_1_13' title="bbox 468 1907 1591 1984; baseline 0 -18"><span class='ocrx_word' id='word_1_104' title='bbox 468 1917 561 1974; x_wconf 82' lang='grc' dir='ltr'><em>λοντες</em></span> <span class='ocrx_word' id='word_1_105' title='bbox 578 1913 617 1979; x_wconf 78' lang='grc' dir='ltr'><strong>(οἱ</strong></span> <span class='ocrx_word' id='word_1_106' title='bbox 633 1918 744 1984; x_wconf 78' lang='grc' dir='ltr'><em>μαστοίγ</em></span> <span class='ocrx_word' id='word_1_107' title='bbox 763 1910 812 1978; x_wconf 78' lang='grc' dir='ltr'><strong>τὴν</strong></span> <span class='ocrx_word' id='word_1_108' title='bbox 830 1910 939 1982; x_wconf 79' lang='grc' dir='ltr'><em>τροηὴν</em></span> <span class='ocrx_word' id='word_1_109' title='bbox 958 1913 988 1965; x_wconf 73' lang='grc' dir='ltr'><em>ἐν</em></span> <span class='ocrx_word' id='word_1_110' title='bbox 1006 1913 1113 1972; x_wconf 79' lang='grc' dir='ltr'><em>ἑαυτοῖς</em></span> <span class='ocrx_word' id='word_1_111' title='bbox 1129 1909 1288 1983; x_wconf 74' lang='grc' dir='ltr'><em>ἐργάζονται</em></span> <span class='ocrx_word' id='word_1_112' title='bbox 1315 1907 1388 1981; x_wconf 90' lang='grc' dir='ltr'><em>γάλα</em></span> <span class='ocrx_word' id='word_1_113' title='bbox 1406 1915 1454 1965; x_wconf 81' lang='grc' dir='ltr'><em>καὶ</em></span> <span class='ocrx_word' id='word_1_114' title='bbox 1472 1913 1591 1966; x_wconf 76' lang='grc' dir='ltr'><em>διαπνέ-</em></span> 
     </span>
     <span class='ocr_line' id='line_1_14' title="bbox 470 2001 1171 2065; baseline -0.001 -11"><span class='ocrx_word' id='word_1_115' title='bbox 470 2015 549 2056; x_wconf 85' lang='grc' dir='ltr'><em>υυσιν</em></span> <span class='ocrx_word' id='word_1_116' title='bbox 567 2001 584 2053; x_wconf 86' lang='grc'><strong>1.</strong></span> <span class='ocrx_word' id='word_1_117' title='bbox 597 2015 620 2054; x_wconf 83' lang='grc' dir='ltr'><em>α.</em></span> <span class='ocrx_word' id='word_1_118' title='bbox 638 2001 680 2050; x_wconf 85' lang='lat' dir='ltr'><strong>lac</strong></span> <span class='ocrx_word' id='word_1_119' title='bbox 697 2001 723 2050; x_wconf 84' lang='lat' dir='ltr'><strong>in</strong></span> <span class='ocrx_word' id='word_1_120' title='bbox 741 2017 770 2050; x_wconf 83' lang='lat' dir='ltr'><strong>ss</strong></span> <span class='ocrx_word' id='word_1_121' title='bbox 788 2001 852 2065; x_wconf 76' lang='lat' dir='ltr'><strong>ipssis</strong></span> <span class='ocrx_word' id='word_1_122' title='bbox 870 2001 988 2065; x_wconf 72' lang='lat' dir='ltr'><strong>effiminat</strong></span> <span class='ocrx_word' id='word_1_123' title='bbox 1004 2012 1028 2052; x_wconf 82' lang='lat' dir='ltr'><strong>et</strong></span> <span class='ocrx_word' id='word_1_124' title='bbox 1045 2001 1171 2053; x_wconf 68' lang='lat' dir='ltr'><strong>adulant.</strong></span> 
     </span>
    </p>

    <p class='ocr_par' dir='ltr' id='par_1_5' title="bbox 468 2073 1597 2415">
     <span class='ocr_line' id='line_1_15' title="bbox 539 2073 1596 2160; baseline 0.002 -18"><span class='ocrx_word' id='word_1_125' title='bbox 539 2091 602 2157; x_wconf 77' lang='lat' dir='ltr'><strong>Paq.</strong></span> <span class='ocrx_word' id='word_1_126' title='bbox 622 2091 655 2142; x_wconf 81' lang='lat'><strong>22</strong></span> <span class='ocrx_word' id='word_1_127' title='bbox 673 2091 699 2141; x_wconf 91' lang='lat' dir='ltr'><strong>in</strong></span> <span class='ocrx_word' id='word_1_128' title='bbox 718 2088 827 2142; x_wconf 89' lang='lat' dir='ltr'><strong>Scholio</strong></span> <span class='ocrx_word' id='word_1_129' title='bbox 847 2088 911 2144; x_wconf 90' lang='lat' dir='ltr'><strong>Cod.</strong></span> <span class='ocrx_word' id='word_1_130' title='bbox 933 2073 1039 2144; x_wconf 85' lang='lat' dir='ltr'><strong>Fames.</strong></span> <span class='ocrx_word' id='word_1_131' title='bbox 1064 2092 1132 2158; x_wconf 87' lang='lat' dir='ltr'><strong>apud</strong></span> <span class='ocrx_word' id='word_1_132' title='bbox 1156 2090 1301 2146; x_wconf 89' lang='lat' dir='ltr'><strong>Stobaeum</strong></span> <span class='ocrx_word' id='word_1_133' title='bbox 1325 2092 1435 2145; x_wconf 82' lang='lat' dir='ltr'><strong>licerent</strong></span> <span class='ocrx_word' id='word_1_134' title='bbox 1453 2109 1479 2160; x_wconf 91' lang='lat' dir='ltr'><strong>p.</strong></span> <span class='ocrx_word' id='word_1_135' title='bbox 1499 2095 1560 2158; x_wconf 81' lang='grc'><em>461,</em></span> <span class='ocrx_word' id='word_1_136' title='bbox 1579 2096 1596 2144; x_wconf 79' lang='grc'>5</span> 
     </span>
     <span class='ocr_line' id='line_1_16' title="bbox 471 2173 1594 2245; baseline -0.003 -17"><span class='ocrx_word' id='word_1_137' title='bbox 471 2178 505 2228; x_wconf 94' lang='lat' dir='ltr'><strong>de</strong></span> <span class='ocrx_word' id='word_1_138' title='bbox 517 2181 604 2245; x_wconf 79' lang='lat' dir='ltr'><strong>etymo</strong></span> <span class='ocrx_word' id='word_1_139' title='bbox 624 2176 739 2227; x_wconf 85' lang='lat' dir='ltr'><strong>nominis</strong></span> <span class='ocrx_word' id='word_1_140' title='bbox 754 2173 936 2240; x_wconf 76' lang='lat' dir='ltr'><strong>Achaeorum,</strong></span> <span class='ocrx_word' id='word_1_141' title='bbox 954 2189 1100 2241; x_wconf 78' lang='lat' dir='ltr'><strong>perperam,</strong></span> <span class='ocrx_word' id='word_1_142' title='bbox 1117 2176 1172 2226; x_wconf 85' lang='lat' dir='ltr'><strong>seri</strong></span> <span class='ocrx_word' id='word_1_143' title='bbox 1190 2177 1280 2241; x_wconf 87' lang='lat' dir='ltr'><strong>specie</strong></span> <span class='ocrx_word' id='word_1_144' title='bbox 1298 2176 1441 2241; x_wconf 87' lang='lat' dir='ltr'><strong>deceptus,</strong></span> <span class='ocrx_word' id='word_1_145' title='bbox 1460 2176 1541 2228; x_wconf 86' lang='lat' dir='ltr'><strong>verba</strong></span> <span class='ocrx_word' id='word_1_146' title='bbox 1554 2177 1594 2225; x_wconf 88' lang='lat' dir='ltr'><strong>vi-</strong></span> 
     </span>
     <span class='ocr_line' id='line_1_17' title="bbox 468 2253 1593 2332; baseline 0.003 -23"><span class='ocrx_word' id='word_1_147' title='bbox 468 2261 538 2312; x_wconf 89' lang='lat' dir='ltr'><strong>tiosa</strong></span> <span class='ocrx_word' id='word_1_148' title='bbox 562 2254 603 2311; x_wconf 80' lang='lat' dir='ltr'><strong>du</strong></span> <span class='ocrx_word' id='word_1_149' title='bbox 622 2254 693 2328; x_wconf 80' lang='grc' dir='ltr'><em>μετὰ</em></span> <span class='ocrx_word' id='word_1_150' title='bbox 714 2253 865 2329; x_wconf 77' lang='grc' dir='ltr'><strong>κυμβάλων</strong></span> <span class='ocrx_word' id='word_1_151' title='bbox 892 2256 1050 2327; x_wconf 79' lang='grc' dir='ltr'><em>ἠχοῦσαν</em></span> <span class='ocrx_word' id='word_1_152' title='bbox 1074 2261 1110 2310; x_wconf 86' lang='lat' dir='ltr'><strong>ita</strong></span> <span class='ocrx_word' id='word_1_153' title='bbox 1127 2262 1226 2311; x_wconf 87' lang='lat' dir='ltr'><strong>correxi</strong></span> <span class='ocrx_word' id='word_1_154' title='bbox 1243 2266 1272 2311; x_wconf 90' lang='lat' dir='ltr'><strong>ut</strong></span> <span class='ocrx_word' id='word_1_155' title='bbox 1289 2260 1431 2313; x_wconf 76' lang='lat' dir='ltr'><strong>scriberem</strong></span> <span class='ocrx_word' id='word_1_156' title='bbox 1454 2256 1494 2313; x_wconf 81' lang='grc' dir='ltr'><strong>ὅτι</strong></span> <span class='ocrx_word' id='word_1_157' title='bbox 1516 2281 1549 2332; x_wconf 91' lang='grc' dir='ltr'><strong>μ.</strong></span> <span class='ocrx_word' id='word_1_158' title='bbox 1567 2280 1593 2312; x_wconf 89' lang='grc' dir='ltr'><strong>ιι.</strong></span> 
     </span>
     <span class='ocr_line' id='line_1_18' title="bbox 468 2339 1597 2415; baseline 0 -19"><span class='ocrx_word' id='word_1_159' title='bbox 468 2343 537 2413; x_wconf 70' lang='grc' dir='ltr'><em>ι’γχου</em></span> <span class='ocrx_word' id='word_1_160' title='bbox 561 2345 641 2397; x_wconf 79' lang='lat' dir='ltr'><strong>lorice</strong></span> <span class='ocrx_word' id='word_1_161' title='bbox 669 2357 730 2394; x_wconf 91' lang='lat' dir='ltr'><strong>cum</strong></span> <span class='ocrx_word' id='word_1_162' title='bbox 756 2348 872 2409; x_wconf 85' lang='lat' dir='ltr'><strong>apertum</strong></span> <span class='ocrx_word' id='word_1_163' title='bbox 898 2343 932 2393; x_wconf 87' lang='lat' dir='ltr'><strong>sit</strong></span> <span class='ocrx_word' id='word_1_164' title='bbox 960 2342 1044 2394; x_wconf 87' lang='lat' dir='ltr'><strong>inisse</strong></span> <span class='ocrx_word' id='word_1_165' title='bbox 1067 2343 1130 2394; x_wconf 91' lang='lat' dir='ltr'><strong>clim</strong></span> <span class='ocrx_word' id='word_1_166' title='bbox 1161 2340 1200 2395; x_wconf 82' lang='grc' dir='ltr'><strong>ὅτι</strong></span> <span class='ocrx_word' id='word_1_167' title='bbox 1223 2340 1293 2410; x_wconf 86' lang='grc' dir='ltr'><em>μετά</em></span> <span class='ocrx_word' id='word_1_168' title='bbox 1318 2339 1469 2415; x_wconf 74' lang='grc' dir='ltr'><strong>κυμβάλων</strong></span> <span class='ocrx_word' id='word_1_169' title='bbox 1493 2342 1597 2411; x_wconf 58' lang='lat' dir='ltr'><strong>vixerim</strong></span> 
     </span>
    </p>
   </div>
   <div class='ocr_carea' id='block_1_4' title="bbox 469 2431 1700 2501">
    <p class='ocr_par' dir='ltr' id='par_1_6' title="bbox 469 2431 1700 2501">
     <span class='ocr_line' id='line_1_19' title="bbox 469 2431 1700 2501; baseline 0 -16"><span class='ocrx_word' id='word_1_170' title='bbox 469 2433 514 2486; x_wconf 89' lang='lat' dir='ltr'><strong>cir.</strong></span> <span class='ocrx_word' id='word_1_171' title='bbox 540 2433 643 2485; x_wconf 86' lang='lat' dir='ltr'><strong>l’rellcr.</strong></span> <span class='ocrx_word' id='word_1_172' title='bbox 671 2431 773 2485; x_wconf 89' lang='lat' dir='ltr'><strong>Griech.</strong></span> <span class='ocrx_word' id='word_1_173' title='bbox 798 2431 880 2501; x_wconf 77' lang='lat' dir='ltr'><strong>Mytb.</strong></span> <span class='ocrx_word' id='word_1_174' title='bbox 906 2439 914 2483; x_wconf 91' lang='lat' dir='ltr'><strong>t</strong></span> <span class='ocrx_word' id='word_1_175' title='bbox 939 2448 965 2498; x_wconf 89' lang='lat' dir='ltr'><strong>p.</strong></span> <span class='ocrx_word' id='word_1_176' title='bbox 993 2433 1051 2486; x_wconf 79' lang='grc'><strong>596.</strong></span> <span class='ocrx_word' id='word_1_177' title='bbox 1079 2440 1105 2484; x_wconf 89' lang='lat' dir='ltr'><strong>et</strong></span> <span class='ocrx_word' id='word_1_178' title='bbox 1135 2433 1199 2487; x_wconf 88' lang='lat' dir='ltr'><strong>Plut.</strong></span> <span class='ocrx_word' id='word_1_179' title='bbox 1222 2433 1288 2486; x_wconf 84' lang='lat' dir='ltr'><strong>lior.</strong></span> <span class='ocrx_word' id='word_1_180' title='bbox 1311 2449 1337 2500; x_wconf 90' lang='lat' dir='ltr'><strong>p.</strong></span> <span class='ocrx_word' id='word_1_181' title='bbox 1362 2433 1446 2499; x_wconf 71' lang='lat' dir='ltr'><strong>dide,</strong></span> <span class='ocrx_word' id='word_1_182' title='bbox 1472 2439 1500 2486; x_wconf 91' lang='lat' dir='ltr'><strong>ut</strong></span> <span class='ocrx_word' id='word_1_183' title='bbox 1521 2433 1595 2486; x_wconf 82' lang='lat' dir='ltr'><strong>aliud</strong></span> <span class='ocrx_word' id='word_1_184' title='bbox 1699 2436 1700 2457; x_wconf 66' lang='lat'>¹</span> 
     </span>
    </p>
   </div>
   <div class='ocr_carea' id='block_1_5' title="bbox 464 2519 1593 3375">
    <p class='ocr_par' dir='ltr' id='par_1_7' title="bbox 466 2519 1592 2675">
     <span class='ocr_line' id='line_1_20' title="bbox 466 2519 1592 2591; baseline 0 -17"><span class='ocrx_word' id='word_1_185' title='bbox 466 2536 548 2584; x_wconf 69' lang='lat' dir='ltr'><strong>ageos</strong></span> <span class='ocrx_word' id='word_1_186' title='bbox 577 2521 696 2574; x_wconf 86' lang='lat' dir='ltr'><strong>iniuriam</strong></span> <span class='ocrx_word' id='word_1_187' title='bbox 722 2535 807 2588; x_wconf 87' lang='lat' dir='ltr'><strong>paene</strong></span> <span class='ocrx_word' id='word_1_188' title='bbox 829 2521 936 2573; x_wconf 89' lang='lat' dir='ltr'><strong>lecerim</strong></span> <span class='ocrx_word' id='word_1_189' title='bbox 960 2520 1096 2587; x_wconf 88' lang='lat' dir='ltr'><strong>Heereno,</strong></span> <span class='ocrx_word' id='word_1_190' title='bbox 1126 2521 1256 2587; x_wconf 83' lang='lat' dir='ltr'><strong>siquidem</strong></span> <span class='ocrx_word' id='word_1_191' title='bbox 1285 2519 1419 2591; x_wconf 80' lang='grc' dir='ltr'><em>ἠχοῢσαν</em></span> <span class='ocrx_word' id='word_1_192' title='bbox 1441 2521 1507 2576; x_wconf 75' lang='lat' dir='ltr'><strong>nihil</strong></span> <span class='ocrx_word' id='word_1_193' title='bbox 1530 2538 1592 2575; x_wconf 87' lang='lat' dir='ltr'><strong>esse</strong></span> 
     </span>
     <span class='ocr_line' id='line_1_21' title="bbox 466 2603 975 2675; baseline 0 -16"><span class='ocrx_word' id='word_1_194' title='bbox 466 2605 588 2659; x_wconf 79' lang='lat' dir='ltr'><strong>videatur</strong></span> <span class='ocrx_word' id='word_1_195' title='bbox 603 2604 653 2656; x_wconf 85' lang='lat' dir='ltr'><strong>nisi</strong></span> <span class='ocrx_word' id='word_1_196' title='bbox 672 2603 793 2671; x_wconf 79' lang='lat' dir='ltr'><strong>sphalma</strong></span> <span class='ocrx_word' id='word_1_197' title='bbox 808 2604 975 2675; x_wconf 70' lang='lat' dir='ltr'><strong>typographi.</strong></span> 
     </span>
    </p>

    <p class='ocr_par' dir='ltr' id='par_1_8' title="bbox 464 2688 1593 3375">
     <span class='ocr_line' id='line_1_22' title="bbox 535 2688 1593 2766; baseline 0.003 -21"><span class='ocrx_word' id='word_1_198' title='bbox 535 2694 599 2760; x_wconf 73' lang='lat' dir='ltr'><strong>Peg.</strong></span> <span class='ocrx_word' id='word_1_199' title='bbox 618 2692 660 2746; x_wconf 83' lang='lat'><strong>23.</strong></span> <span class='ocrx_word' id='word_1_200' title='bbox 695 2692 796 2746; x_wconf 80' lang='lat' dir='ltr'><strong>Locum</strong></span> <span class='ocrx_word' id='word_1_201' title='bbox 809 2691 900 2763; x_wconf 75' lang='lat' dir='ltr'><strong>Symp.</strong></span> <span class='ocrx_word' id='word_1_202' title='bbox 914 2691 960 2759; x_wconf 89' lang='lat' dir='ltr'><strong>vl,</strong></span> <span class='ocrx_word' id='word_1_203' title='bbox 979 2694 1034 2756; x_wconf 83' lang='lat'><strong>8,2</strong></span> <span class='ocrx_word' id='word_1_204' title='bbox 1051 2710 1077 2760; x_wconf 89' lang='lat' dir='ltr'><strong>p.</strong></span> <span class='ocrx_word' id='word_1_205' title='bbox 1087 2694 1164 2747; x_wconf 76' lang='lat' dir='ltr'><strong>outo</strong></span> <span class='ocrx_word' id='word_1_206' title='bbox 1183 2695 1231 2746; x_wconf 78' lang='grc' dir='ltr'><strong>καὶ</strong></span> <span class='ocrx_word' id='word_1_207' title='bbox 1242 2688 1326 2761; x_wconf 75' lang='grc' dir='ltr'><em>κτήνη</em></span> <span class='ocrx_word' id='word_1_208' title='bbox 1342 2690 1462 2766; x_wconf 90' lang='grc' dir='ltr'><em>μάλιστα</em></span> <span class='ocrx_word' id='word_1_209' title='bbox 1478 2690 1593 2748; x_wconf 86' lang='grc' dir='ltr'><em>πάντων</em></span> 
     </span>
     <span class='ocr_line' id='line_1_23' title="bbox 467 2772 1592 2854; baseline -0.002 -17"><span class='ocrx_word' id='word_1_210' title='bbox 467 2781 613 2854; x_wconf 75' lang='grc' dir='ltr'><em>λδωδῖμων</em></span> <span class='ocrx_word' id='word_1_211' title='bbox 634 2774 845 2853; x_wconf 76' lang='grc' dir='ltr'><strong>ἀναρρώννυσιν</strong></span> <span class='ocrx_word' id='word_1_212' title='bbox 867 2772 961 2852; x_wconf 84' lang='grc' dir='ltr'><em>άρτος,</em></span> <span class='ocrx_word' id='word_1_213' title='bbox 988 2774 1056 2835; x_wconf 77' lang='grc' dir='ltr'><em>ὥστε</em></span> <span class='ocrx_word' id='word_1_214' title='bbox 1079 2775 1134 2834; x_wconf 81' lang='grc' dir='ltr'><em>κάν</em></span> <span class='ocrx_word' id='word_1_215' title='bbox 1152 2775 1296 2850; x_wconf 70' lang='grc' dir='ltr'><em>ἐλάχιστον</em></span> <span class='ocrx_word' id='word_1_216' title='bbox 1313 2775 1490 2853; x_wconf 73' lang='grc' dir='ltr'><em>ἐμφάγωσιν,</em></span> <span class='ocrx_word' id='word_1_217' title='bbox 1508 2777 1592 2842; x_wconf 72' lang='grc' dir='ltr'><em>εὐθὺς</em></span> 
     </span>
     <span class='ocr_line' id='line_1_24' title="bbox 466 2869 1591 2939; baseline 0.001 -14"><span class='ocrx_word' id='word_1_218' title='bbox 466 2875 589 2926; x_wconf 78' lang='grc' dir='ltr'><strong>ἵστανται</strong></span> <span class='ocrx_word' id='word_1_219' title='bbox 609 2872 656 2925; x_wconf 77' lang='grc' dir='ltr'><em>καὶ</em></span> <span class='ocrx_word' id='word_1_220' title='bbox 673 2870 827 2939; x_wconf 74' lang='grc' dir='ltr'><em>βαδίζουσι,</em></span> <span class='ocrx_word' id='word_1_221' title='bbox 854 2869 963 2936; x_wconf 83' lang='lat' dir='ltr'><strong>paulum</strong></span> <span class='ocrx_word' id='word_1_222' title='bbox 985 2871 1061 2924; x_wconf 85' lang='lat' dir='ltr'><strong>abest</strong></span> <span class='ocrx_word' id='word_1_223' title='bbox 1083 2871 1145 2937; x_wconf 87' lang='lat' dir='ltr'><strong>quin</strong></span> <span class='ocrx_word' id='word_1_224' title='bbox 1169 2886 1322 2938; x_wconf 82' lang='lat' dir='ltr'><strong>expressum</strong></span> <span class='ocrx_word' id='word_1_225' title='bbox 1344 2871 1431 2923; x_wconf 89' lang='lat' dir='ltr'><strong>dicam</strong></span> <span class='ocrx_word' id='word_1_226' title='bbox 1448 2887 1481 2924; x_wconf 79' lang='lat' dir='ltr'><strong>ex</strong></span> <span class='ocrx_word' id='word_1_227' title='bbox 1502 2871 1591 2926; x_wconf 78' lang='lat' dir='ltr'><strong>Xeno·</strong></span> 
     </span>
     <span class='ocr_line' id='line_1_25' title="bbox 466 2952 1590 3035; baseline 0 -22"><span class='ocrx_word' id='word_1_228' title='bbox 466 2959 572 3028; x_wconf 89' lang='lat' dir='ltr'><strong>phontis</strong></span> <span class='ocrx_word' id='word_1_229' title='bbox 585 2960 669 3014; x_wconf 77' lang='lat' dir='ltr'><strong>Anab.</strong></span> <span class='ocrx_word' id='word_1_230' title='bbox 685 2956 730 3024; x_wconf 86' lang='lat' dir='ltr'><strong>lV,</strong></span> <span class='ocrx_word' id='word_1_231' title='bbox 744 2958 770 3024; x_wconf 79' lang='lat'><strong>5,</strong></span> <span class='ocrx_word' id='word_1_232' title='bbox 790 2959 805 3011; x_wconf 83' lang='lat'>8</span> <span class='ocrx_word' id='word_1_233' title='bbox 819 2958 854 3009; x_wconf 88' lang='lat' dir='ltr'><strong>dc</strong></span> <span class='ocrx_word' id='word_1_234' title='bbox 871 2958 965 3035; x_wconf 86' lang='lat' dir='ltr'><strong>eadem</strong></span> <span class='ocrx_word' id='word_1_235' title='bbox 977 2973 1005 3009; x_wconf 89' lang='lat' dir='ltr'><strong>re</strong></span> <span class='ocrx_word' id='word_1_236' title='bbox 1021 2959 1188 3011; x_wconf 83' lang='lat' dir='ltr'><strong>disserentis:</strong></span> <span class='ocrx_word' id='word_1_237' title='bbox 1205 2952 1295 3012; x_wconf 84' lang='grc' dir='ltr'><em>ιιάνιι</em></span> <span class='ocrx_word' id='word_1_238' title='bbox 1312 2954 1452 3029; x_wconf 86' lang='grc' dir='ltr'><em>φάγωσιν,</em></span> <span class='ocrx_word' id='word_1_239' title='bbox 1466 2954 1590 3027; x_wconf 75' lang='grc' dir='ltr'><em>ἀναστή-</em></span> 
     </span>
     <span class='ocr_line' id='line_1_26' title="bbox 466 3036 1591 3115; baseline 0 -19"><span class='ocrx_word' id='word_1_240' title='bbox 466 3058 561 3098; x_wconf 88' lang='grc' dir='ltr'><em>σονται</em></span> <span class='ocrx_word' id='word_1_241' title='bbox 576 3070 601 3081; x_wconf 85' lang='lat'><strong>··</strong></span> <span class='ocrx_word' id='word_1_242' title='bbox 618 3038 713 3108; x_wconf 69' lang='grc' dir='ltr'><em>ἐπειδὴ</em></span> <span class='ocrx_word' id='word_1_243' title='bbox 731 3040 756 3095; x_wconf 70' lang='grc' dir='ltr'><strong>δ’</strong></span> <span class='ocrx_word' id='word_1_244' title='bbox 770 3036 936 3114; x_wconf 74' lang='grc' dir='ltr'><em>ἐμφάγοιεν,</em></span> <span class='ocrx_word' id='word_1_245' title='bbox 955 3039 1101 3095; x_wconf 81' lang='grc' dir='ltr'><em>άνίσταντο</em></span> <span class='ocrx_word' id='word_1_246' title='bbox 1119 3045 1167 3095; x_wconf 81' lang='grc' dir='ltr'><em>καὶ</em></span> <span class='ocrx_word' id='word_1_247' title='bbox 1183 3038 1359 3115; x_wconf 74' lang='grc' dir='ltr'><em>ἐπορεύοντο.</em></span> <span class='ocrx_word' id='word_1_248' title='bbox 1397 3041 1517 3096; x_wconf 79' lang='lat' dir='ltr'><strong>Ceterum</strong></span> <span class='ocrx_word' id='word_1_249' title='bbox 1530 3058 1591 3110; x_wconf 87' lang='lat' dir='ltr'><strong>per-</strong></span> 
     </span>
     <span class='ocr_line' id='line_1_27' title="bbox 464 3130 1591 3198; baseline 0 -15"><span class='ocrx_word' id='word_1_250' title='bbox 464 3146 554 3198; x_wconf 83' lang='lat' dir='ltr'><strong>peram</strong></span> <span class='ocrx_word' id='word_1_251' title='bbox 572 3133 676 3193; x_wconf 78' lang='grc' dir='ltr'><em>ῖιῦνται,</em></span> <span class='ocrx_word' id='word_1_252' title='bbox 696 3130 767 3196; x_wconf 90' lang='lat' dir='ltr'><strong>quod</strong></span> <span class='ocrx_word' id='word_1_253' title='bbox 787 3131 813 3181; x_wconf 91' lang='lat' dir='ltr'><strong>in</strong></span> <span class='ocrx_word' id='word_1_254' title='bbox 832 3130 972 3182; x_wconf 86' lang='lat' dir='ltr'><strong>codicibus</strong></span> <span class='ocrx_word' id='word_1_255' title='bbox 990 3136 1030 3181; x_wconf 89' lang='lat' dir='ltr'><strong>est</strong></span> <span class='ocrx_word' id='word_1_256' title='bbox 1046 3145 1094 3196; x_wconf 87' lang='lat' dir='ltr'><strong>pro</strong></span> <span class='ocrx_word' id='word_1_257' title='bbox 1111 3131 1243 3197; x_wconf 78' lang='grc' dir='ltr'><em>ἵστανται,</em></span> <span class='ocrx_word' id='word_1_258' title='bbox 1262 3136 1352 3197; x_wconf 86' lang='lat' dir='ltr'><strong>utpote</strong></span> <span class='ocrx_word' id='word_1_259' title='bbox 1370 3130 1478 3184; x_wconf 84' lang='lat' dir='ltr'><strong>soloece</strong></span> <span class='ocrx_word' id='word_1_260' title='bbox 1491 3131 1591 3183; x_wconf 89' lang='lat' dir='ltr'><strong>dictum</strong></span> 
     </span>
     <span class='ocr_line' id='line_1_28' title="bbox 465 3218 1590 3290; baseline 0 -19"><span class='ocrx_word' id='word_1_261' title='bbox 465 3220 643 3273; x_wconf 86' lang='lat' dir='ltr'><strong>reiectanenm</strong></span> <span class='ocrx_word' id='word_1_262' title='bbox 666 3218 731 3272; x_wconf 89' lang='lat' dir='ltr'><strong>mihi</strong></span> <span class='ocrx_word' id='word_1_263' title='bbox 759 3219 910 3284; x_wconf 84' lang='lat' dir='ltr'><strong>videbatur,</strong></span> <span class='ocrx_word' id='word_1_264' title='bbox 934 3219 1040 3284; x_wconf 84' lang='lat' dir='ltr'><strong>quaudo</strong></span> <span class='ocrx_word' id='word_1_265' title='bbox 1063 3221 1127 3271; x_wconf 88' lang='lat' dir='ltr'><strong>item</strong></span> <span class='ocrx_word' id='word_1_266' title='bbox 1151 3221 1257 3285; x_wconf 82' lang='lat' dir='ltr'><strong>passiva</strong></span> <span class='ocrx_word' id='word_1_267' title='bbox 1278 3225 1418 3287; x_wconf 87' lang='lat' dir='ltr'><strong>usurpatur</strong></span> <span class='ocrx_word' id='word_1_268' title='bbox 1435 3220 1526 3290; x_wconf 76' lang='lat' dir='ltr'><strong>Symp.</strong></span> <span class='ocrx_word' id='word_1_269' title='bbox 1546 3220 1590 3284; x_wconf 93' lang='lat' dir='ltr'><strong>lll,</strong></span> 
     </span>
     <span class='ocr_line' id='line_1_29' title="bbox 466 3306 1591 3375; baseline 0 -14"><span class='ocrx_word' id='word_1_270' title='bbox 466 3312 507 3373; x_wconf 82' lang='lat'><strong>10,</strong></span> <span class='ocrx_word' id='word_1_271' title='bbox 526 3309 676 3375; x_wconf 69' lang='lat' dir='ltr'><strong>aposto.</strong></span> <span class='ocrx_word' id='word_1_272' title='bbox 712 3309 801 3374; x_wconf 87' lang='lat' dir='ltr'><strong>ltaque</strong></span> <span class='ocrx_word' id='word_1_273' title='bbox 821 3308 871 3359; x_wconf 84' lang='lat' dir='ltr'><strong>nisi</strong></span> <span class='ocrx_word' id='word_1_274' title='bbox 883 3306 1032 3373; x_wconf 86' lang='lat' dir='ltr'><strong>Xenophon</strong></span> <span class='ocrx_word' id='word_1_275' title='bbox 1050 3312 1077 3359; x_wconf 90' lang='lat' dir='ltr'><strong>et</strong></span> <span class='ocrx_word' id='word_1_276' title='bbox 1088 3306 1192 3359; x_wconf 88' lang='lat' dir='ltr'><strong>Psellus</strong></span> <span class='ocrx_word' id='word_1_277' title='bbox 1206 3314 1366 3373; x_wconf 84' lang='lat' dir='ltr'><strong>praestarent</strong></span> <span class='ocrx_word' id='word_1_278' title='bbox 1381 3311 1517 3375; x_wconf 89' lang='grc' dir='ltr'><em>ἵστανται,</em></span> <span class='ocrx_word' id='word_1_279' title='bbox 1536 3307 1591 3361; x_wconf 83' lang='lat' dir='ltr'><strong>hoc</strong></span> 
     </span>
    </p>
   </div>
   <div class='ocr_carea' id='block_1_6' title="bbox 466 3396 1588 3549">
    <p class='ocr_par' dir='ltr' id='par_1_9' title="bbox 466 3396 1588 3549">
     <span class='ocr_line' id='line_1_30' title="bbox 466 3396 1063 3451; baseline -0.007 -1"><span class='ocrx_word' id='word_1_280' title='bbox 466 3404 535 3451; x_wconf 87' lang='lat' dir='ltr'><strong>certe</strong></span> <span class='ocrx_word' id='word_1_281' title='bbox 556 3399 663 3449; x_wconf 74' lang='lat' dir='ltr'><strong>stamine</strong></span> <span class='ocrx_word' id='word_1_282' title='bbox 681 3397 745 3451; x_wconf 87' lang='lat' dir='ltr'><strong>satis</strong></span> <span class='ocrx_word' id='word_1_283' title='bbox 765 3402 851 3449; x_wconf 88' lang='lat' dir='ltr'><strong>tutum</strong></span> <span class='ocrx_word' id='word_1_284' title='bbox 871 3401 943 3447; x_wconf 79' lang='lat' dir='ltr'><strong>esset</strong></span> <span class='ocrx_word' id='word_1_285' title='bbox 959 3396 1063 3448; x_wconf 77' lang='grc' dir='ltr'><em>Ιιῖνιαι.</em></span> 
     </span>
     <span class='ocr_line' id='line_1_31' title="bbox 531 3477 1588 3549; baseline -0.002 -16"><span class='ocrx_word' id='word_1_286' title='bbox 531 3481 594 3549; x_wconf 70' lang='lat' dir='ltr'><strong>Peg.</strong></span> <span class='ocrx_word' id='word_1_287' title='bbox 613 3482 655 3534; x_wconf 73' lang='lat'><strong>37.</strong></span> <span class='ocrx_word' id='word_1_288' title='bbox 692 3486 719 3532; x_wconf 90' lang='lat' dir='ltr'><strong>lu</strong></span> <span class='ocrx_word' id='word_1_289' title='bbox 735 3481 788 3533; x_wconf 81' lang='lat' dir='ltr'><strong>vita</strong></span> <span class='ocrx_word' id='word_1_290' title='bbox 805 3480 900 3531; x_wconf 77' lang='lat' dir='ltr'><strong>Anton.</strong></span> <span class='ocrx_word' id='word_1_291' title='bbox 919 3480 952 3529; x_wconf 86' lang='grc' dir='ltr'><em>ἵῖ</em></span> <span class='ocrx_word' id='word_1_292' title='bbox 971 3485 997 3530; x_wconf 90' lang='lat' dir='ltr'><strong>et</strong></span> <span class='ocrx_word' id='word_1_293' title='bbox 1014 3480 1100 3534; x_wconf 78' lang='lat' dir='ltr'><strong>Artas.</strong></span> <span class='ocrx_word' id='word_1_294' title='bbox 1118 3480 1175 3532; x_wconf 85' lang='lat' dir='ltr'><strong>c.5</strong></span> <span class='ocrx_word' id='word_1_295' title='bbox 1205 3477 1321 3531; x_wconf 89' lang='lat' dir='ltr'><strong>Sintenis</strong></span> <span class='ocrx_word' id='word_1_296' title='bbox 1338 3479 1423 3530; x_wconf 83' lang='lat' dir='ltr'><strong>edidit</strong></span> <span class='ocrx_word' id='word_1_297' title='bbox 1440 3483 1522 3531; x_wconf 90' lang='grc' dir='ltr'><em>ταῖν</em></span> <span class='ocrx_word' id='word_1_298' title='bbox 1535 3495 1588 3547; x_wconf 85' lang='grc' dir='ltr'><strong>χε-</strong></span> 
     </span>
    </p>
   </div>
   <div class='ocr_carea' id='block_1_7' title="bbox 452 3561 1693 4784">
    <p class='ocr_par' dir='ltr' id='par_1_10' title="bbox 458 3561 1589 4079">
     <span class='ocr_line' id='line_1_32' title="bbox 461 3561 1589 3641; baseline -0.006 -19"><span class='ocrx_word' id='word_1_299' title='bbox 461 3572 539 3641; x_wconf 88' lang='grc' dir='ltr'><em>ροῖν,</em></span> <span class='ocrx_word' id='word_1_300' title='bbox 565 3566 731 3632; x_wconf 85' lang='lat' dir='ltr'><strong>eandemque</strong></span> <span class='ocrx_word' id='word_1_301' title='bbox 747 3566 858 3617; x_wconf 76' lang='lat' dir='ltr'><strong>sormam</strong></span> <span class='ocrx_word' id='word_1_302' title='bbox 886 3564 1034 3618; x_wconf 86' lang='lat' dir='ltr'><strong>obtinuisse</strong></span> <span class='ocrx_word' id='word_1_303' title='bbox 1056 3564 1137 3617; x_wconf 77' lang='lat' dir='ltr'><strong>video</strong></span> <span class='ocrx_word' id='word_1_304' title='bbox 1159 3565 1229 3631; x_wconf 90' lang='lat' dir='ltr'><strong>apud</strong></span> <span class='ocrx_word' id='word_1_305' title='bbox 1253 3561 1415 3615; x_wconf 79' lang='lat' dir='ltr'><strong>Clementem</strong></span> <span class='ocrx_word' id='word_1_306' title='bbox 1437 3561 1533 3617; x_wconf 88' lang='lat' dir='ltr'><strong>Strom.</strong></span> <span class='ocrx_word' id='word_1_307' title='bbox 1555 3562 1589 3615; x_wconf 88' lang='lat' dir='ltr'><strong>vt</strong></span> 
     </span>
     <span class='ocr_line' id='line_1_33' title="bbox 460 3644 1587 3721; baseline -0.002 -19"><span class='ocrx_word' id='word_1_308' title='bbox 460 3668 487 3719; x_wconf 88' lang='lat' dir='ltr'><strong>p.</strong></span> <span class='ocrx_word' id='word_1_309' title='bbox 507 3652 566 3710; x_wconf 79' lang='grc'><em>761,</em></span> <span class='ocrx_word' id='word_1_310' title='bbox 585 3650 600 3699; x_wconf 87' lang='grc'>9</span> <span class='ocrx_word' id='word_1_311' title='bbox 619 3647 730 3721; x_wconf 78' lang='grc' dir='ltr'><em>ἀμφοῖν</em></span> <span class='ocrx_word' id='word_1_312' title='bbox 751 3644 983 3718; x_wconf 63' lang='lat' dir='ltr'><strong>scindentium</strong></span> <span class='ocrx_word' id='word_1_313' title='bbox 1005 3649 1125 3715; x_wconf 83' lang='lat' dir='ltr'><strong>aliosque</strong></span> <span class='ocrx_word' id='word_1_314' title='bbox 1147 3651 1288 3717; x_wconf 85' lang='lat' dir='ltr'><strong>scriptores</strong></span> <span class='ocrx_word' id='word_1_315' title='bbox 1312 3664 1418 3713; x_wconf 85' lang='lat' dir='ltr'><strong>sacros,</strong></span> <span class='ocrx_word' id='word_1_316' title='bbox 1449 3665 1503 3701; x_wconf 91' lang='lat' dir='ltr'><strong>nou</strong></span> <span class='ocrx_word' id='word_1_317' title='bbox 1530 3664 1587 3700; x_wconf 86' lang='lat' dir='ltr'><strong>raro</strong></span> 
     </span>
     <span class='ocr_line' id='line_1_34' title="bbox 461 3738 1587 3809; baseline -0.003 -15"><span class='ocrx_word' id='word_1_318' title='bbox 461 3748 549 3794; x_wconf 88' lang='lat' dir='ltr'><strong>lamen</strong></span> <span class='ocrx_word' id='word_1_319' title='bbox 566 3740 601 3791; x_wconf 89' lang='lat' dir='ltr'><strong>ad</strong></span> <span class='ocrx_word' id='word_1_320' title='bbox 620 3740 791 3804; x_wconf 88' lang='lat' dir='ltr'><strong>antiquiorem</strong></span> <span class='ocrx_word' id='word_1_321' title='bbox 813 3740 941 3807; x_wconf 84' lang='lat' dir='ltr'><strong>relapsos.</strong></span> <span class='ocrx_word' id='word_1_322' title='bbox 976 3739 1053 3806; x_wconf 82' lang='lat' dir='ltr'><strong>Apud</strong></span> <span class='ocrx_word' id='word_1_323' title='bbox 1071 3738 1214 3809; x_wconf 74' lang='lat' dir='ltr'><strong>Byzantios</strong></span> <span class='ocrx_word' id='word_1_324' title='bbox 1232 3739 1480 3805; x_wconf 58' lang='lat' dir='ltr'><strong>frequentantem,</strong></span> <span class='ocrx_word' id='word_1_325' title='bbox 1506 3738 1587 3791; x_wconf 85' lang='lat' dir='ltr'><strong>veluti</strong></span> 
     </span>
     <span class='ocr_line' id='line_1_35' title="bbox 460 3830 1588 3904; baseline -0.004 -17"><span class='ocrx_word' id='word_1_326' title='bbox 460 3833 608 3904; x_wconf 71' lang='lat' dir='ltr'><strong>Theophql.</strong></span> <span class='ocrx_word' id='word_1_327' title='bbox 629 3834 669 3898; x_wconf 89' lang='lat' dir='ltr'><strong>ll,</strong></span> <span class='ocrx_word' id='word_1_328' title='bbox 692 3834 723 3885; x_wconf 84' lang='grc'><strong>18</strong></span> <span class='ocrx_word' id='word_1_329' title='bbox 740 3848 767 3899; x_wconf 89' lang='lat' dir='ltr'><strong>p.</strong></span> <span class='ocrx_word' id='word_1_330' title='bbox 788 3834 847 3897; x_wconf 80' lang='grc'><em>107,</em></span> <span class='ocrx_word' id='word_1_331' title='bbox 866 3832 897 3883; x_wconf 84' lang='grc'><strong>13</strong></span> <span class='ocrx_word' id='word_1_332' title='bbox 924 3832 993 3885; x_wconf 91' lang='lat' dir='ltr'><strong>conl.</strong></span> <span class='ocrx_word' id='word_1_333' title='bbox 1012 3831 1179 3883; x_wconf 80' lang='lat' dir='ltr'><strong>Rolseonadc</strong></span> <span class='ocrx_word' id='word_1_334' title='bbox 1202 3831 1302 3884; x_wconf 76' lang='lat' dir='ltr'><strong>Anecd.</strong></span> <span class='ocrx_word' id='word_1_335' title='bbox 1325 3830 1415 3883; x_wconf 86' lang='lat' dir='ltr'><strong>Gracc.</strong></span> <span class='ocrx_word' id='word_1_336' title='bbox 1437 3832 1458 3883; x_wconf 95' lang='lat' dir='ltr'><strong>ll</strong></span> <span class='ocrx_word' id='word_1_337' title='bbox 1474 3848 1501 3899; x_wconf 92' lang='lat' dir='ltr'><strong>p.</strong></span> <span class='ocrx_word' id='word_1_338' title='bbox 1519 3834 1588 3896; x_wconf 82' lang='lat'><strong>233;</strong></span> 
     </span>
     <span class='ocr_line' id='line_1_36' title="bbox 458 3920 1589 3995; baseline 0.001 -19"><span class='ocrx_word' id='word_1_339' title='bbox 458 3924 495 3976; x_wconf 87' lang='lat' dir='ltr'><strong>ita</strong></span> <span class='ocrx_word' id='word_1_340' title='bbox 509 3922 585 3975; x_wconf 75' lang='grc' dir='ltr'><em>αἵίιυα</em></span> <span class='ocrx_word' id='word_1_341' title='bbox 597 3922 667 3990; x_wconf 89' lang='lat' dir='ltr'><strong>apud</strong></span> <span class='ocrx_word' id='word_1_342' title='bbox 687 3920 846 3975; x_wconf 86' lang='lat' dir='ltr'><strong>Theodoret.</strong></span> <span class='ocrx_word' id='word_1_343' title='bbox 859 3922 894 3973; x_wconf 91' lang='lat' dir='ltr'><strong>de</strong></span> <span class='ocrx_word' id='word_1_344' title='bbox 910 3921 1014 3988; x_wconf 83' lang='lat' dir='ltr'><strong>provid.</strong></span> <span class='ocrx_word' id='word_1_345' title='bbox 1028 3920 1108 3975; x_wconf 84' lang='lat' dir='ltr'><strong>or.Vl</strong></span> <span class='ocrx_word' id='word_1_346' title='bbox 1120 3936 1147 3986; x_wconf 91' lang='lat' dir='ltr'><strong>p.</strong></span> <span class='ocrx_word' id='word_1_347' title='bbox 1160 3920 1288 3974; x_wconf 77' lang='lat' dir='ltr'><strong>579med.</strong></span> <span class='ocrx_word' id='word_1_348' title='bbox 1300 3920 1385 3974; x_wconf 83' lang='lat' dir='ltr'><strong>habes</strong></span> <span class='ocrx_word' id='word_1_349' title='bbox 1404 3927 1467 3976; x_wconf 86' lang='grc' dir='ltr'><em>ταῖν</em></span> <span class='ocrx_word' id='word_1_350' title='bbox 1482 3927 1589 3995; x_wconf 83' lang='grc' dir='ltr'><em>χερσῖν.</em></span> 
     </span>
     <span class='ocr_line' id='line_1_37' title="bbox 460 4012 1320 4079; baseline 0.001 -13"><span class='ocrx_word' id='word_1_351' title='bbox 460 4012 514 4066; x_wconf 86' lang='lat' dir='ltr'><strong>Sed</strong></span> <span class='ocrx_word' id='word_1_352' title='bbox 536 4015 571 4066; x_wconf 90' lang='lat' dir='ltr'><strong>de</strong></span> <span class='ocrx_word' id='word_1_353' title='bbox 591 4012 635 4066; x_wconf 88' lang='lat' dir='ltr'><strong>his</strong></span> <span class='ocrx_word' id='word_1_354' title='bbox 657 4013 840 4079; x_wconf 82' lang='lat' dir='ltr'><strong>similibusque</strong></span> <span class='ocrx_word' id='word_1_355' title='bbox 859 4014 937 4067; x_wconf 90' lang='lat' dir='ltr'><strong>rebus</strong></span> <span class='ocrx_word' id='word_1_356' title='bbox 957 4012 1025 4065; x_wconf 90' lang='lat' dir='ltr'><strong>alius</strong></span> <span class='ocrx_word' id='word_1_357' title='bbox 1045 4013 1094 4065; x_wconf 88' lang='lat' dir='ltr'><strong>erit</strong></span> <span class='ocrx_word' id='word_1_358' title='bbox 1111 4013 1217 4065; x_wconf 85' lang='lat' dir='ltr'><strong>dicendi</strong></span> <span class='ocrx_word' id='word_1_359' title='bbox 1235 4012 1320 4068; x_wconf 85' lang='lat' dir='ltr'><strong>locus.</strong></span> 
     </span>
    </p>

    <p class='ocr_par' dir='ltr' id='par_1_11' title="bbox 456 4092 1588 4518">
     <span class='ocr_line' id='line_1_38' title="bbox 528 4092 1588 4167; baseline -0.002 -16"><span class='ocrx_word' id='word_1_360' title='bbox 528 4101 592 4167; x_wconf 75' lang='lat' dir='ltr'><strong>Peg.</strong></span> <span class='ocrx_word' id='word_1_361' title='bbox 611 4100 654 4153; x_wconf 82' lang='grc'><strong>11.</strong></span> <span class='ocrx_word' id='word_1_362' title='bbox 690 4099 733 4150; x_wconf 76' lang='lat' dir='ltr'><strong>Ad</strong></span> <span class='ocrx_word' id='word_1_363' title='bbox 751 4114 782 4149; x_wconf 91' lang='lat' dir='ltr'><strong>ea</strong></span> <span class='ocrx_word' id='word_1_364' title='bbox 801 4112 868 4163; x_wconf 89' lang='lat' dir='ltr'><strong>quaa</strong></span> <span class='ocrx_word' id='word_1_365' title='bbox 890 4097 1027 4150; x_wconf 87' lang='lat' dir='ltr'><strong>l&#39;lutarcho</strong></span> <span class='ocrx_word' id='word_1_366' title='bbox 1045 4098 1210 4151; x_wconf 88' lang='lat' dir='ltr'><strong>reddidimus</strong></span> <span class='ocrx_word' id='word_1_367' title='bbox 1233 4100 1260 4150; x_wconf 92' lang='lat' dir='ltr'><strong>iu</strong></span> <span class='ocrx_word' id='word_1_368' title='bbox 1283 4102 1350 4154; x_wconf 85' lang='lat' dir='ltr'><strong>litor.</strong></span> <span class='ocrx_word' id='word_1_369' title='bbox 1368 4114 1394 4165; x_wconf 92' lang='lat' dir='ltr'><strong>p.</strong></span> <span class='ocrx_word' id='word_1_370' title='bbox 1414 4100 1471 4151; x_wconf 79' lang='lat' dir='ltr'><strong>lle</strong></span> <span class='ocrx_word' id='word_1_371' title='bbox 1496 4092 1533 4152; x_wconf 87' lang='grc' dir='ltr'><em>άν</em></span> <span class='ocrx_word' id='word_1_372' title='bbox 1558 4115 1588 4151; x_wconf 85' lang='grc' dir='ltr'><em>τε</em></span> 
     </span>
     <span class='ocr_line' id='line_1_39' title="bbox 456 4179 1586 4258; baseline -0.004 -17"><span class='ocrx_word' id='word_1_373' title='bbox 456 4184 556 4258; x_wconf 86' lang='grc' dir='ltr'><em>γάμος,</em></span> <span class='ocrx_word' id='word_1_374' title='bbox 576 4180 618 4241; x_wconf 84' lang='grc' dir='ltr'><em>άν</em></span> <span class='ocrx_word' id='word_1_375' title='bbox 637 4204 670 4240; x_wconf 87' lang='grc' dir='ltr'><em>τε</em></span> <span class='ocrx_word' id='word_1_376' title='bbox 689 4188 797 4245; x_wconf 85' lang='grc' dir='ltr'><em>πλοῦς</em></span> <span class='ocrx_word' id='word_1_377' title='bbox 813 4203 865 4244; x_wconf 81' lang='grc' dir='ltr'><strong>τις</strong></span> <span class='ocrx_word' id='word_1_378' title='bbox 887 4188 952 4253; x_wconf 90' lang='lat' dir='ltr'><strong>(pro</strong></span> <span class='ocrx_word' id='word_1_379' title='bbox 970 4185 1041 4252; x_wconf 77' lang='lat' dir='ltr'><strong>volq.</strong></span> <span class='ocrx_word' id='word_1_380' title='bbox 1061 4180 1097 4240; x_wconf 84' lang='grc' dir='ltr'><em>άν</em></span> <span class='ocrx_word' id='word_1_381' title='bbox 1115 4203 1142 4239; x_wconf 87' lang='grc' dir='ltr'><em>τε</em></span> <span class='ocrx_word' id='word_1_382' title='bbox 1161 4186 1299 4250; x_wconf 84' lang='grc' dir='ltr'><em>πλοῦτος)</em></span> <span class='ocrx_word' id='word_1_383' title='bbox 1324 4179 1367 4240; x_wconf 85' lang='grc' dir='ltr'><em>άν</em></span> <span class='ocrx_word' id='word_1_384' title='bbox 1388 4204 1422 4239; x_wconf 86' lang='grc' dir='ltr'><strong>τι</strong></span> <span class='ocrx_word' id='word_1_385' title='bbox 1447 4187 1586 4256; x_wconf 86' lang='grc' dir='ltr'><em>φιλοτι-</em></span> 
     </span>
     <span class='ocr_line' id='line_1_40' title="bbox 457 4266 1588 4343; baseline -0.003 -16"><span class='ocrx_word' id='word_1_386' title='bbox 457 4276 517 4343; x_wconf 80' lang='grc' dir='ltr'><em>μία</em></span> <span class='ocrx_word' id='word_1_387' title='bbox 542 4275 606 4342; x_wconf 87' lang='lat' dir='ltr'><strong>(pro</strong></span> <span class='ocrx_word' id='word_1_388' title='bbox 623 4272 693 4341; x_wconf 71' lang='lat' dir='ltr'><strong>volq.</strong></span> <span class='ocrx_word' id='word_1_389' title='bbox 723 4266 760 4327; x_wconf 86' lang='grc' dir='ltr'><em>άν</em></span> <span class='ocrx_word' id='word_1_390' title='bbox 783 4290 811 4326; x_wconf 86' lang='grc' dir='ltr'><em>τε</em></span> <span class='ocrx_word' id='word_1_391' title='bbox 829 4275 909 4343; x_wconf 84' lang='grc' dir='ltr'><em>φιλία</em></span> <span class='ocrx_word' id='word_1_392' title='bbox 933 4275 989 4335; x_wconf 84' lang='grc' dir='ltr'><em>τις)</em></span> <span class='ocrx_word' id='word_1_393' title='bbox 1018 4274 1064 4327; x_wconf 89' lang='lat' dir='ltr'><strong>cir.</strong></span> <span class='ocrx_word' id='word_1_394' title='bbox 1090 4272 1156 4328; x_wconf 77' lang='lat' dir='ltr'><strong>lior.</strong></span> <span class='ocrx_word' id='word_1_395' title='bbox 1182 4288 1208 4341; x_wconf 85' lang='lat' dir='ltr'><strong>p.</strong></span> <span class='ocrx_word' id='word_1_396' title='bbox 1227 4273 1303 4325; x_wconf 76' lang='lat' dir='ltr'><strong>lose</strong></span> <span class='ocrx_word' id='word_1_397' title='bbox 1328 4274 1353 4325; x_wconf 76' lang='lat' dir='ltr'><strong>el</strong></span> <span class='ocrx_word' id='word_1_398' title='bbox 1376 4275 1531 4343; x_wconf 74' lang='grc' dir='ltr'><em>γαμητέον,</em></span> <span class='ocrx_word' id='word_1_399' title='bbox 1557 4275 1588 4324; x_wconf 79' lang='lat' dir='ltr'><strong>si</strong></span> 
     </span>
     <span class='ocr_line' id='line_1_41' title="bbox 456 4355 1583 4433; baseline 0 -22"><span class='ocrx_word' id='word_1_400' title='bbox 456 4362 670 4427; x_wconf 76' lang='grc' dir='ltr'><em>πλευστέον,</em></span> <span class='ocrx_word' id='word_1_401' title='bbox 693 4362 718 4415; x_wconf 83' lang='grc' dir='ltr'><strong>ελ</strong></span> <span class='ocrx_word' id='word_1_402' title='bbox 735 4360 895 4413; x_wconf 76' lang='grc' dir='ltr'><em>δανειστέον</em></span> <span class='ocrx_word' id='word_1_403' title='bbox 914 4366 984 4426; x_wconf 84' lang='lat' dir='ltr'><strong>etp.</strong></span> <span class='ocrx_word' id='word_1_404' title='bbox 1004 4361 1060 4412; x_wconf 76' lang='lat' dir='ltr'><strong>uta</strong></span> <span class='ocrx_word' id='word_1_405' title='bbox 1078 4358 1213 4433; x_wconf 78' lang='grc' dir='ltr'><em>καὶπρὸς</em></span> <span class='ocrx_word' id='word_1_406' title='bbox 1233 4356 1302 4413; x_wconf 84' lang='grc' dir='ltr'><em>ὁδὸν</em></span> <span class='ocrx_word' id='word_1_407' title='bbox 1321 4357 1335 4427; x_wconf 72' lang='grc' dir='ltr'><em>ἢ</em></span> <span class='ocrx_word' id='word_1_408' title='bbox 1355 4363 1466 4413; x_wconf 82' lang='grc' dir='ltr'><em>πλοῦν</em></span> <span class='ocrx_word' id='word_1_409' title='bbox 1486 4355 1504 4428; x_wconf 76' lang='grc' dir='ltr'><em>ἤ</em></span> <span class='ocrx_word' id='word_1_410' title='bbox 1522 4378 1583 4413; x_wconf 90' lang='grc' dir='ltr'><em>τινιι</em></span> 
     </span>
     <span class='ocr_line' id='line_1_42' title="bbox 456 4445 1380 4518; baseline 0.002 -19"><span class='ocrx_word' id='word_1_411' title='bbox 456 4448 560 4517; x_wconf 73' lang='grc' dir='ltr'><em>πρᾶξιν</em></span> <span class='ocrx_word' id='word_1_412' title='bbox 576 4453 603 4499; x_wconf 90' lang='lat' dir='ltr'><strong>et</strong></span> <span class='ocrx_word' id='word_1_413' title='bbox 623 4447 657 4497; x_wconf 88' lang='lat' dir='ltr'><strong>de</strong></span> <span class='ocrx_word' id='word_1_414' title='bbox 677 4448 885 4518; x_wconf 73' lang='grc' dir='ltr'><em>φιλοτιμεῖσθαι</em></span> <span class='ocrx_word' id='word_1_415' title='bbox 904 4454 955 4500; x_wconf 89' lang='lat' dir='ltr'><strong>etc.</strong></span> <span class='ocrx_word' id='word_1_416' title='bbox 975 4445 1059 4501; x_wconf 84' lang='lat' dir='ltr'><strong>Cobet</strong></span> <span class='ocrx_word' id='word_1_417' title='bbox 1073 4447 1170 4502; x_wconf 87' lang='lat' dir='ltr'><strong>linem.</strong></span> <span class='ocrx_word' id='word_1_418' title='bbox 1193 4450 1259 4501; x_wconf 86' lang='grc'><em>1800</em></span> <span class='ocrx_word' id='word_1_419' title='bbox 1276 4463 1302 4514; x_wconf 93' lang='lat' dir='ltr'><strong>p.</strong></span> <span class='ocrx_word' id='word_1_420' title='bbox 1321 4448 1380 4501; x_wconf 82' lang='grc'>391.</span> 
     </span>
    </p>

    <p class='ocr_par' dir='ltr' id='par_1_12' title="bbox 452 4529 1693 4784">
     <span class='ocr_line' id='line_1_43' title="bbox 525 4529 1583 4611; baseline 0.004 -26"><span class='ocrx_word' id='word_1_421' title='bbox 525 4534 629 4601; x_wconf 52' lang='lat' dir='ltr'><strong>Pacta</strong></span> <span class='ocrx_word' id='word_1_422' title='bbox 648 4529 718 4587; x_wconf 82' lang='grc' dir='ltr'><em>οὕτω</em></span> <span class='ocrx_word' id='word_1_423' title='bbox 737 4531 850 4611; x_wconf 74' lang='grc' dir='ltr'><em>μακράν</em></span> <span class='ocrx_word' id='word_1_424' title='bbox 868 4538 915 4587; x_wconf 81' lang='grc' dir='ltr'><em>καὶ</em></span> <span class='ocrx_word' id='word_1_425' title='bbox 933 4540 1224 4607; x_wconf 80' lang='grc' dir='ltr'><em>συμπεπηγυῖαν,</em></span> <span class='ocrx_word' id='word_1_426' title='bbox 1236 4536 1308 4601; x_wconf 90' lang='lat' dir='ltr'><strong>quod</strong></span> <span class='ocrx_word' id='word_1_427' title='bbox 1327 4537 1390 4601; x_wconf 89' lang='lat' dir='ltr'><strong>quin</strong></span> <span class='ocrx_word' id='word_1_428' title='bbox 1409 4542 1479 4588; x_wconf 85' lang='lat' dir='ltr'><strong>recte</strong></span> <span class='ocrx_word' id='word_1_429' title='bbox 1492 4552 1509 4587; x_wconf 86' lang='lat' dir='ltr'><strong>s</strong></span> <span class='ocrx_word' id='word_1_430' title='bbox 1522 4537 1583 4589; x_wconf 84' lang='lat' dir='ltr'><strong>eod.</strong></span> 
     </span>
     <span class='ocr_line' id='line_1_44' title="bbox 452 4623 1585 4695; baseline -0.002 -18"><span class='ocrx_word' id='word_1_431' title='bbox 452 4624 567 4677; x_wconf 86' lang='lat' dir='ltr'><strong>lectione</strong></span> <span class='ocrx_word' id='word_1_432' title='bbox 587 4628 793 4695; x_wconf 81' lang='grc' dir='ltr'><em>συμβεβηκυῖαν</em></span> <span class='ocrx_word' id='word_1_433' title='bbox 820 4624 934 4677; x_wconf 87' lang='lat' dir='ltr'><strong>eruerim</strong></span> <span class='ocrx_word' id='word_1_434' title='bbox 958 4623 1002 4677; x_wconf 84' lang='lat' dir='ltr'><strong>vix</strong></span> <span class='ocrx_word' id='word_1_435' title='bbox 1020 4623 1193 4677; x_wconf 86' lang='lat' dir='ltr'><strong>dubitandum</strong></span> <span class='ocrx_word' id='word_1_436' title='bbox 1220 4630 1261 4677; x_wconf 89' lang='lat' dir='ltr'><strong>est</strong></span> <span class='ocrx_word' id='word_1_437' title='bbox 1280 4632 1387 4691; x_wconf 87' lang='lat' dir='ltr'><strong>propter</strong></span> <span class='ocrx_word' id='word_1_438' title='bbox 1404 4627 1495 4695; x_wconf 71' lang='lat' dir='ltr'><strong>symp.</strong></span> <span class='ocrx_word' id='word_1_439' title='bbox 1515 4624 1585 4690; x_wconf 87' lang='lat' dir='ltr'><strong>vltl,</strong></span> 
     </span>
     <span class='ocr_line' id='line_1_45' title="bbox 453 4706 1693 4784; baseline 0.002 -19"><span class='ocrx_word' id='word_1_440' title='bbox 453 4714 495 4780; x_wconf 88' lang='grc'><em>10,</em></span> <span class='ocrx_word' id='word_1_441' title='bbox 508 4713 559 4781; x_wconf 74' lang='lat' dir='ltr'><strong>lp.</strong></span> <span class='ocrx_word' id='word_1_442' title='bbox 573 4713 646 4765; x_wconf 75' lang='lat' dir='ltr'><strong>&#39;libe</strong></span> <span class='ocrx_word' id='word_1_443' title='bbox 663 4710 751 4784; x_wconf 82' lang='grc' dir='ltr'><em>φύσιν</em></span> <span class='ocrx_word' id='word_1_444' title='bbox 762 4712 870 4781; x_wconf 79' lang='grc' dir='ltr'><em>ἔχοντες</em></span> <span class='ocrx_word' id='word_1_445' title='bbox 884 4712 915 4767; x_wconf 76' lang='grc' dir='ltr'><em>ὲν</em></span> <span class='ocrx_word' id='word_1_446' title='bbox 928 4714 966 4780; x_wconf 79' lang='grc' dir='ltr'><em>τῷ</em></span> <span class='ocrx_word' id='word_1_447' title='bbox 977 4706 1079 4783; x_wconf 78' lang='grc' dir='ltr'><em>νήφειν</em></span> <span class='ocrx_word' id='word_1_448' title='bbox 1089 4709 1279 4783; x_wconf 73' lang='grc' dir='ltr'><em>ἀτολμοτέραν</em></span> <span class='ocrx_word' id='word_1_449' title='bbox 1299 4716 1345 4767; x_wconf 78' lang='grc' dir='ltr'><strong>καὶ</strong></span> <span class='ocrx_word' id='word_1_450' title='bbox 1364 4718 1546 4784; x_wconf 88' lang='grc' dir='ltr'><em>πεπηγυῖα</em></span> <span class='ocrx_word' id='word_1_451' title='bbox 1553 4731 1580 4771; x_wconf 88' lang='grc' dir='ltr'><em>ν.</em></span> <span class='ocrx_word' id='word_1_452' title='bbox 1692 4745 1693 4756; x_wconf 50' lang='grc' dir='ltr'><em>ι</em></span> 
     </span>
    </p>
   </div>
   <div class='ocr_carea' id='block_1_8' title="bbox 0 0 1854 5625">
    <p class='ocr_par' dir='ltr' id='par_1_13' title="bbox 0 0 1854 5625">
     <span class='ocr_line' id='line_1_46' title="bbox 0 0 1854 5625; baseline 0 5"><span class='ocrx_word' id='word_1_453' title='bbox 0 0 1854 5625; x_wconf 95' lang='lat' dir='ltr'><strong> </strong></span> 
     </span>
    </p>
   </div>
  </div>
 </body>
</html>
