3700 5625
922 594 1135 662 ...80-

471 756 598 841 quando
623 756 690 823 irae
719 756 849 825 obnoxii
877 758 949 823 sint.
1004 757 1115 843 Itaque
1138 758 1323 844 gravissima
1344 758 1438 824 huius
1465 758 1597 842 quidem

471 862 580 927 hiatus
608 862 779 929 insolentia
806 863 857 928 vel
886 867 1018 944 propter
1049 863 1224 928 sentcntiae
1262 863 1366 928 labem
1405 860 1598 926 removenda

470 970 541 1032 arat
568 965 665 1050 idque
696 965 948 1034 commodissime
978 965 1054 1031 fecit
1083 967 1270 1033 Benselerus
1299 966 1465 1033 scribendo
1495 963 1597 1032 ἐπι-

469 1069 829 1155 ταραττομένοις

557 1167 640 1233 Item
652 1169 719 1233 sine
733 1168 830 1234 dubio
843 1167 1041 1234 damnandus
1054 1175 1137 1236 esset
1149 1170 1255 1235 hiatus
1265 1169 1359 1248 VIII,
1380 1175 1413 1248 3,
1430 1177 1489 1250 5p.
1502 1168 1599 1234 722ι1

469 1261 653 1352 ὑπολαβών
674 1270 711 1335 δὲ
737 1265 932 1359 Θράσυλλος
956 1267 1183 1355 ὁἏμμωνίου
1208 1271 1294 1352 υἱός,
1318 1275 1381 1339 nisi
1409 1279 1598 1356 conpertum

470 1375 660 1441 haberemus
681 1397 745 1441 nou
763 1376 984 1444 reformidasse
999 1378 1204 1445 Plutarchum
1223 1381 1346 1446 hiatum
1361 1383 1395 1446 in
1411 1381 1597 1446 nominibus

468 1479 622 1560 propriis,
644 1479 735 1543 utin
756 1479 807 1543 his
828 1482 888 1542 τοῦ
913 1477 1103 1562 Τελεμάχου
1127 1479 1348 1568 ἐπιφανέντος
1369 1480 1412 1567 (p.
1434 1483 1536 1564 704a)
1559 1487 1596 1546 et

471 1583 725 1673 Καλλιστράτου
740 1581 895 1662 εἰπόντος
911 1587 953 1667 (p.
966 1593 1027 1652 705
1037 1586 1071 1672 b)
1087 1590 1120 1650 et
1138 1585 1222 1675 πρὸς
1236 1589 1340 1652 ταῦτα
1358 1590 1406 1672 τῷ
1415 1581 1595 1674 Ἀρίστωνι

471 1681 606 1752 άντεῖπε
633 1689 694 1769 μὲν
717 1682 830 1766 οὐδείς
859 1688 903 1773 (p.
934 1693 997 1755 657
1011 1688 1046 1772 d)
1074 1695 1106 1752 et
1134 1709 1216 1772 quae
1245 1694 1319 1754 suut
1346 1688 1462 1753 similia
1483 1686 1595 1765 multa

470 1813 662 1875 quamquam
693 1791 772 1856 ahos
802 1815 821 1876 η
853 1794 887 1856 et
917 1814 956 1854 ου
984 1791 1106 1855 hiatum
1139 1794 1248 1855 creant
1276 1789 1507 1872 turpissimum,
1537 1789 1597 1870 qui

470 1891 598 1974 quidem
615 1891 816 1956 damnatione
830 1911 986 1974 nusquam
1007 1890 1151 1956 videatur
1166 1888 1262 1968 eximi
1275 1910 1375 1971 posse.
1396 1887 1457 1953 Sed
1466 1887 1500 1951 id
1513 1887 1599 1952 alius

469 1997 532 2063 erit
552 1997 752 2065 natationis
771 1995 882 2061 locus
920 1994 1013 2060 Nunc
1033 2017 1132 2060 unum
1154 1994 1257 2060 adicio
1278 1995 1351 2074 hoc,
1373 1993 1473 2058 multo
1493 1993 1592 2058 tutio-

467 2121 537 2164 rem
558 2099 659 2166 videri
680 2099 835 2164 vocalium
857 2120 1057 2177 concursum,
1079 2098 1219 2182 quando,
1243 2103 1280 2162 ut
1299 2119 1395 2180 supra
1413 2097 1595 2162 monuimus

468 2222 498 2285 p.
519 2208 571 2282 32,
597 2203 640 2268 ad
660 2203 795 2268 aliorum
815 2203 1019 2285 scriptorum,
1042 2203 1148 2267 hiatus
1169 2201 1257 2267 haud
1279 2202 1518 2283 impatientium,
1537 2223 1589 2268 re-

468 2310 602 2392 spicitur
630 2310 772 2379 dicteria.
829 2310 953 2389 Veluti,
978 2315 1015 2376 ut
1043 2310 1092 2373 his
1123 2315 1211 2388 utar,
1241 2309 1275 2372 in
1297 2309 1481 2392 pervolgata
1502 2309 1591 2392 regis

468 2409 660 2496 Aethiopum
688 2415 920 2480 macrobiorum
949 2414 1034 2479 dicto
1061 2434 1090 2495 p.
1112 2419 1173 2480 646
1186 2413 1221 2491 b,
1252 2413 1337 2496 quod
1367 2413 1519 2478 delibavit
1551 2436 1594 2478 cx

467 2515 629 2581 Herodoto
642 2516 704 2595 111,
726 2522 781 2596 22,
803 2516 1048 2598 nullaprofecto
1062 2521 1132 2581 erat
1147 2535 1241 2581 causa
1260 2537 1316 2580 cur
1336 2515 1497 2600 refugeret
1517 2515 1592 2580 Plu-

466 2625 597 2691 tarchus
618 2624 742 2688 hiatum
764 2645 835 2688 cum
854 2623 1030 2705 scripturus
1052 2625 1134 2688 asset
1154 2619 1276 2710 δολερὰ
1301 2619 1421 2703 εἵματα
1442 2621 1498 2686 καὶ
1518 2619 1594 2708 χρί-

469 2751 597 2810 σμαια,
621 2726 793 2813 eademque
814 2728 945 2792 licentia
965 2747 1040 2792 usus
1067 2717 1198 2791 videtur
1217 2726 1251 2790 in
1271 2727 1311 2790 iis
1339 2748 1421 2810 quae
1441 2725 1596 2808 produxit

466 2852 497 2914 p.
520 2831 613 2899 692f
638 2854 678 2897 ex
699 2833 808 2917 ignoto
832 2832 1045 2899 versificatore
1065 2830 1103 2918 (ὁ
1128 2826 1235 2918 οἶνος)
1269 2830 1417 2921 ἐλαφρὸς
1437 2831 1493 2897 καὶ
1516 2825 1597 2899 άνευ

468 2930 569 3024 ὀργῆς
580 2930 805 3023 ’ἀναμίγνυται
826 2931 912 3024 ἡμῖν,
939 2958 1150 3021 quaeversus
1169 2937 1289 3002 heroici
1310 2936 1482 3001 clausulam
1499 2956 1592 3019 prae-

468 3042 555 3109 bent.
598 3041 720 3107 Eadem
738 3043 872 3109 fortasse
894 3044 1053 3108 excusatio
1073 3044 1215 3125 praetexi
1236 3042 1355 3125 poterit
1374 3041 1475 3107 Eueni
1495 3042 1591 3109 scita-

465 3148 572 3211 mento
593 3165 623 3226 p.
646 3144 738 3211 oavd
757 3143 795 3210 τδ
817 3147 883 3234 πῦρ
903 3142 1039 3233 ἥδιστον
1061 3139 1146 3211 εἶναι
1167 3140 1374 3234 ἡδυσμάτων,
1393 3168 1594 3231 quamquam

465 3251 623 3313 retroacto
656 3247 767 3313 ordine
800 3248 896 3314 scribi
928 3253 1055 3331 poterat
1092 3246 1225 3335 ἥδιστον
1263 3244 1461 3337 ἡδυσμάτων
1495 3244 1592 3317 εἶναι.

467 3349 552 3416 Illud
572 3357 679 3417 autem
704 3351 790 3435 quod
816 3353 923 3434 priore
943 3352 1013 3419 loco
1034 3354 1122 3418 iuxta
1144 3354 1250 3435 posuit
1278 3346 1356 3419 άνευ
1379 3347 1476 3441 ὀργῆς
1497 3376 1591 3419 nemo

466 3453 663 3537 gravabitur,
699 3453 754 3537 qui
789 3452 972 3519 meminerit
1004 3444 1081 3517 άνευ
1117 3452 1249 3535 perinde
1284 3458 1379 3537 atque
1412 3458 1593 3519 ceterarum

465 3557 743 3639 praepositionum,
766 3555 864 3622 veluti
889 3552 966 3643 πρό,
990 3556 1168 3641 legitimum
1189 3578 1256 3623 esse
1277 3556 1362 3640 apud
1385 3556 1593 3621 Plutarchum

456 3660 602 3738 hiatum,
624 3682 706 3745 quae
721 3661 851 3727 licentia
862 3661 1048 3744 perduravit
1060 3661 1102 3727 ad
1116 3660 1323 3727 Pr0dromum
1335 3682 1435 3745 usque
1452 3666 1589 3727 ceteros-

468 3787 530 3850 que
549 3766 769 3850 Byzantiorum
793 3773 903 3850 poetas
924 3773 958 3833 et
973 3768 1174 3833 Eustathinm
1192 3766 1308 3852 (quode
1330 3756 1494 3833 adnotavit
1507 3767 1589 3833 Her-

468 3870 582 3935 cherus
596 3870 637 3935 ad
651 3869 768 3936 Erotio.
783 3871 816 3935 11
831 3894 862 3955 p.
873 3872 968 3958 LVI).
997 3872 1065 3951 Quo
1081 3871 1116 3936 in
1132 3892 1247 3957 genere
1262 3870 1344 3935 nihil
1357 3876 1405 3937 est
1417 3872 1590 3936 memoriae

465 3972 664 4055 praesentius
685 3992 781 4055 quam
802 3963 880 4037 άνευ
895 3968 1018 4049 ὕδατος
1031 3993 1062 4055 p.
1079 3970 1168 4039 eslf
1183 3975 1215 4036 et
1230 3968 1297 4059 πρδ
1316 3964 1447 4057 ἡλικίας
1462 3990 1492 4053 p.
1508 3970 1598 4037 652f

466 4083 500 4146 et
514 4075 582 4166 πρδ
600 4070 753 4155 ὁπλιτῶν,
777 4076 862 4159 quod
882 4078 997 4142 merito
1017 4098 1066 4143 me
1084 4078 1262 4145 restituisse
1283 4075 1450 4142 credebam
1465 4075 1589 4145 Plutar-

468 4184 528 4248 cho
549 4202 579 4263 p.
595 4180 691 4262 733f,
712 4179 830 4245 iniuria
850 4180 1064 4262 vituperatum
1083 4182 1123 4248 ob
1144 4182 1267 4247 hiatum
1289 4186 1407 4247 temere
1430 4182 1590 4249 invectum

467 4306 489 4350 a
510 4283 694 4351 Schnitzero
724 4304 795 4350 meo
823 4283 858 4347 in
880 4284 1082 4365 Ephemerid.
1109 4285 1252 4352 Heidelb.
1279 4290 1361 4353 1862
1381 4307 1411 4368 p.
1434 4292 1497 4354 427
1522 4289 1588 4371 (cfr.

466 4386 606 4452 Sintenis
625 4387 664 4453 de
685 4388 775 4454 hiatu
794 4408 825 4470 p.
848 4388 939 4472 328),
968 4408 1159 4473 quamquam
1181 4391 1215 4453 ln
1236 4390 1286 4455 his
1307 4390 1357 4455 vel
1378 4397 1510 4474 propter
1532 4394 1586 4459 ad-

465 4489 674 4573 spirationem
692 4491 849 4557 vocalium
869 4490 1105 4558 succedentium
1125 4494 1231 4559 hiatus
1250 4516 1314 4561 non
1335 4494 1442 4561 officit.

551 4590 672 4657 Eadem
693 4592 762 4658 sine
782 4591 879 4659 dubio
899 4598 984 4659 esset
1009 4593 1091 4659 ratio
1111 4616 1149 4660 ac
1170 4594 1321 4661 facillima
1347 4598 1508 4662 excusatio
1527 4597 1591 4663 loci

429 4698 436 4719 '
463 4696 512 4778 II,
536 4702 588 4778 10,
610 4700 630 4761 2
651 4715 682 4779 p.
707 4701 796 4762 6440
825 4692 913 4762 άλλά
934 4690 995 4763 κάν
1017 4695 1182 4787 ἐρωμένην
1209 4722 1260 4777 τις
1282 4692 1304 4786 ἢ
1326 4697 1589 4790 tacitaetacitae
