3700 5625
711 589 838 660 ast
882 559 930 642 ὲ

248 751 388 818 Cornuti
409 752 448 818 de
471 757 534 818 nat
556 749 643 816 deor.
665 772 690 814 c.
716 756 754 818 14
777 771 888 818 novem
909 749 961 816 rel
982 755 1049 816 tres
1069 750 1168 817 etiam
1187 748 1284 816 fuisso
1305 771 1379 819 nar·

245 862 366 927 rantur
388 857 496 924 Musae
517 861 649 938 propter
668 856 831 924 novenarii
851 855 1057 922 relternarii
1077 857 1201 923 numeri
1222 853 1380 922 salard-

245 987 269 1028 τ
281 987 375 1049 ητα,
400 968 436 1028 ut
455 963 511 1047 qui
526 963 586 1032 deo
605 963 668 1044 ipsi
689 962 891 1030 adtribuatur
904 963 956 1029 vel
969 963 1056 1047 quod
1073 964 1177 1030 tribus
1190 964 1377 1046 moelrlatio·
1416 1021 1422 1030 .

245 1087 331 1132 num
347 1066 516 1149 generibus
529 1065 749 1148 philosophiae
764 1066 847 1132 ratio
862 1065 1125 1152 perficiatur-(cfr.
1140 1066 1291 1145 Peterson
1305 1067 1325 1133 l.
1334 1068 1376 1151 1).

245 1169 345 1248 Quod
355 1170 382 1234 si
394 1170 470 1236 talis
480 1171 607 1256 qualem
623 1171 813 1238 coniecimus
829 1171 890 1236 trit
896 1171 1061 1238 Plutarchi
1076 1173 1242 1250 sententia,
1257 1174 1293 1238 in
1305 1191 1377 1256 pro

246 1277 364 1357 patulo
384 1283 433 1342 est
454 1297 527 1342 oum
548 1276 682 1344 dixisse:
705 1275 903 1361 Polymnism
921 1275 984 1342 sibi
1005 1277 1176 1359 sumpsisse
1193 1277 1379 1344 historicum

245 1403 383 1462 munus3
404 1403 472 1448 esse
488 1384 573 1450 enim
593 1383 683 1449 illam
707 1383 835 1469 πολλῆς
854 1380 971 1462 μνείας
986 1382 1055 1464 (cfr
1069 1380 1157 1448 infra
1171 1402 1239 1465 cap.
1254 1387 1289 1448 ‘lt
1309 1376 1382 1469 ἡδὲ

246 1476 430 1565 Πολύμνια
454 1482 516 1546 τοῦ
538 1480 755 1564 φιλομαθοῦς
777 1478 849 1545 ἐστι
870 1478 929 1546 καὶ
949 1481 1155 1566 μνημονικοῦ
1173 1481 1233 1564 τῆς
1254 1481 1380 1567 ψυχῆς)

244 1603 308 1648 seu
339 1583 512 1650 multarum
542 1605 650 1650 rerum
683 1584 884 1663 memoriam,
920 1583 1111 1667 aliquotiens
1142 1587 1250 1652 amen
1282 1585 1380 1652 etiarn

247 1684 362 1752 Musas
383 1705 506 1752 omnes.
530 1691 665 1768 ίαιρααοι
680 1687 843 1769 perfectam
864 1691 1014 1762 κοιέαέιιο,
1036 1705 1202 1751 munuum
1223 1687 1380 1756 consortio

246 1789 431 1856 arctissime
450 1789 632 1856 coniunctas
649 1788 783 1868 Μνείας
797 1790 975 1872 adpellatas
989 1811 1057 1856 esse
1075 1795 1132 1857 etc.
1176 1791 1381 1860 illudentem

247 1909 349 1956 nemo
370 1889 540 1956 mirabitur
555 1895 612 1956 aut
626 1889 834 1972 vituperabit,
853 1891 940 1975 quod
953 1890 1141 1958 Plutarchus
1158 1915 1222 1977 quo
1237 1893 1308 1960 loco
1321 1915 1382 1960 usu

247 1995 379 2060 venerit
399 1994 456 2060 illa
470 1995 632 2060 Musarum
653 1995 868 2062 denominatio
882 1997 933 2064 vel
953 2019 975 2063 a
994 2019 1134 2082 quonam
1154 2000 1309 2082 scriptore
1323 2000 1378 2068 ad·

245 2097 359 2166 hiberi
387 2103 500 2180 coepta
522 2098 577 2175 sit,
606 2097 755 2176 disertius
785 2119 1030 2166 commemorare
1056 2099 1279 2182 supersederit
1322 2099 1380 2167 ras

245 2202 339 2270 enim
359 2200 515 2285 quaedam
534 2201 620 2284 apud
642 2201 847 2268 Plutarchum
868 2204 902 2268 in
923 2204 974 2270 his
993 2206 1090 2272 rebus
1108 2205 1264 2288 ponendis
1285 2207 1376 2274 omit

245 2301 395 2376 tendisse
417 2301 625 2386 neglegentia.
676 2302 722 2368 Ut
749 2302 849 2386 igitur
869 2303 905 2366 in
927 2303 1080 2388 hisquae
1101 2304 1291 2372 credebatur
1311 2325 1379 2373 esse

246 2407 446 2490 praepositio
470 2409 540 2483 EN,
562 2406 734 2490 genuinam
754 2406 911 2488 expulisse
930 2406 1056 2473 ridetur
1070 2427 1190 2485 vocem,
1212 2429 1275 2492 quo
1295 2407 1380 2474 facto

246 2531 350 2596 quam
370 2508 510 2592 proclive
533 2508 630 2575 fuerit
658 2511 847 2592 praesertim
871 2512 906 2576 in
935 2512 1005 2578 loco
1026 2513 1139 2578 mutilo
1160 2513 1302 2580 dativum
1323 2514 1378 2582 ad·
1443 2589 1448 2597 ,

246 2610 391 2678 scribere
413 2609 679 2694 qualemcunque,
700 2610 859 2678 neminem
879 2611 974 2698 fugit,
1004 2613 1051 2678 ita
1072 2613 1107 2678 in
1133 2613 1206 2680 aliis
1232 2614 1311 2680 locis
1329 2604 1380 2694 ῖς

246 2715 338 2800 quod
360 2713 559 2780 scribebatur
576 2701 669 2792 'dl-C,
704 2736 773 2780 oum
809 2714 906 2782 semel
942 2720 1127 2797 corruptum
1156 2722 1240 2785 esset
1267 2717 1303 2785 in
1332 2716 1378 2796 ἐκ,

248 2821 372 2905 passim
394 2819 555 2905 graviores
578 2820 676 2885 etiam
693 2821 804 2887 turbas
824 2822 1011 2904 procrearit.
1054 2822 1186 2889 Affatim
1201 2824 1379 2907 estubique

249 2922 469 3005 exemplorum
496 2920 531 2986 in
561 2921 715 3003 scriptore
744 2922 895 3004 quohbet.
953 2920 1045 2987 Nunc
1073 2922 1170 2987 simili
1199 2923 1294 2989 modo
1322 2944 1381 3006 per

248 3028 367 3095 harum
386 3026 584 3111 pagellarum
607 3026 878 3109 opportunitatem
897 3026 986 3091 iuvat
998 3026 1237 3095 memorabilem
1246 3029 1381 3095 Aetola

254 3136 327 3195 Tati
351 3130 455 3195 locum
482 3130 593 3213 inepta
619 3131 777 3213 scriptura
797 3130 958 3210 liberare,
975 3132 1011 3197 in
1039 3153 1104 3216 qua
1128 3133 1327 3203 emendanda
1346 3141 1381 3203 et
1475 3124 1484 3133 ’

248 3234 374 3318 priores
395 3232 535 3319 editores
563 3238 597 3299 et
617 3240 745 3301 acutum
772 3234 928 3303 Hercheri
956 3235 1111 3303 iudicium
1138 3236 1259 3305 frustra
1286 3237 1377 3308 deeu-

249 3339 377 3405 darunt.

339 3442 377 3507 In
405 3442 617 3525 descriptione
648 3442 797 3509 crocodili
824 3442 878 3521 IV,
911 3450 949 3511 19
984 3444 1065 3511 haec
1083 3444 1257 3531 leguntur:
1296 3436 1380 3530 οὐρὰ

253 3546 506 3635 (κροκοδείλου)
521 3546 633 3636 μακρὰ
647 3548 703 3613 καὶ
720 3553 841 3629 παχεῖα
862 3547 919 3615 καὶ
940 3547 1069 3614 ἐοικυῖα
1092 3548 1217 3635 στιριῷ
1235 3544 1378 3628 σώματι.

256 3647 306 3718 Οὐ
329 3652 391 3739 γᾶρ
413 3648 460 3731 ὠς
481 3658 552 3731 τοῖς
576 3645 693 3730 ἄλλοις
720 3652 972 3739 περίκειται
995 3649 1148 3740 θηρίοις,
1177 3646 1263 3720 ‹itl’
1286 3650 1380 3721 ἔστι

251 3759 326 3843 τῆς
352 3754 511 3845 ῥάχεως
536 3752 579 3821 ἓν
608 3751 761 3823 ὀστοῦν
791 3753 963 3842 τελευτὴ
992 3753 1064 3821 καὶ
1094 3754 1223 3844 μέρος
1248 3750 1381 3824 αὐτοῦ

253 3861 332 3925 τῶν
363 3856 483 3923 ὅλων.
528 3858 567 3922 In
585 3858 635 3923 his
657 3858 737 3923 illud
757 3857 886 3942 quidem
904 3863 990 3925 recte
1011 3857 1170 3925 intellexit
1188 3859 1380 3939 Hercherus,

251 3966 307 4049 qui
329 3986 431 4048 nuper
452 3965 510 4030 hos
531 3965 630 4032 libros
645 3964 857 4031 eruditissime
874 3964 1057 4032 emendatos
1075 3966 1187 4045 edidit,
1207 3988 1266 4050 pro
1283 3966 1377 4058 περί-

252 4094 358 4134 κειται
389 4069 509 4152 requiri
539 4067 724 4148 ἐπίκειται,
759 4068 794 4134 in
826 4069 939 4136 ceteris
972 4069 1204 4155 perpurgandis
1235 4062 1317 4134 nihil
1346 4088 1379 4134 se

252 4176 415 4257 praestare
436 4194 527 4257 posse
549 4172 659 4241 fassus.
703 4172 746 4237 Et
765 4194 840 4239 sane
861 4194 944 4257 quae
964 4172 1005 4239 ab
1028 4172 1100 4238 aliis
1121 4170 1162 4239 ad
1177 4172 1262 4237 hunc
1275 4170 1380 4235 locum

253 4278 428 4345 sanandum
441 4279 606 4347 adhibitae
621 4284 695 4343 sunt
709 4278 892 4357 medicinae,
906 4278 1037 4359 probari
1051 4298 1117 4343 non
1129 4279 1269 4358 possunt
1298 4274 1380 4347 Nam

254 4375 439 4443 Schneideri
460 4378 532 4463 τῆς
553 4373 709 4465 ῥάχεως
730 4375 928 4441 ἐνοστέοο
942 4376 1068 4441 videtur
1080 4372 1175 4438 nobis
1188 4376 1381 4442 seubntiam

255 4481 315 4545 loci
336 4499 555 4563 corrumpere,
584 4480 666 4545 nihil
687 4480 772 4547 enim
793 4478 937 4562 profecto
955 4478 1032 4542 tacit
1052 4474 1095 4540 ad
1116 4475 1250 4542 caudam
1270 4498 1376 4544 uoco

255 4580 312 4647 dili
332 4582 585 4661 describendam,
607 4582 691 4667 quod
713 4583 837 4668 spinam
859 4602 899 4647 ex
919 4601 983 4644 uno
1006 4600 1075 4645 osse
1097 4586 1294 4647 constantem
1316 4575 1378 4644 sibi

256 4683 472 4753 intermarerit
487 4691 604 4763 auctor,
626 4680 660 4751 id
679 4676 763 4770 quod
779 4686 865 4751 recte
883 4680 1115 4774 significaretur
1128 4681 1169 4751 de
1183 4677 1254 4769 ipsa
1268 4674 1377 4776 cauda
