3700 5625
866 659 1079 724 ..70-

416 821 565 913 λύπορον
585 823 624 889 τὸ
648 826 744 907 σῶμα
767 822 822 890 καί
843 822 948 908 μανὸν
970 817 1256 911 ἀπειργασαμένη,
1282 821 1388 889 πολὺν
1412 822 1541 904 δέχεται

416 927 474 993 τὸν
487 923 613 1006 έξωθεν
636 922 720 1018 ἀέρα
742 927 798 1006 καί
816 929 1011 1018 βιαιοτέραν
1030 932 1124 994 ποιεῖ
1142 925 1200 1016 τὴν
1216 925 1413 1015 μεταβολήν·
1437 923 1540 993 ὅταν

419 1024 489 1097 οὖν
518 1026 786 1120 ὑποπλασθῇ
821 1027 901 1098 ὑπὸ
932 1034 1003 1120 τῆς
1034 1034 1166 1120 πηγῆς
1196 1027 1240 1095 τὸ
1267 1027 1378 1117 ὕδωρ
1418 1029 1460 1094 έν
1488 1030 1542 1115 τῷ

420 1129 511 1224 ἀέρι
550 1136 901 1224 προθερμανθὲν,
937 1129 1227 1225 περιψύχεται
1266 1133 1435 1216 ταχέως.
1500 1133 1539 1197 In

419 1236 470 1301 his
496 1237 635 1318 primum
659 1241 732 1318 post
760 1231 1093 1324 παρασκευαζόμενον
1115 1234 1240 1318 plenius
1261 1234 1465 1301 incidendum
1484 1237 1539 1310 est,

419 1345 488 1406 tum
509 1341 622 1406 elibro
635 1338 770 1404 Vindob.
786 1341 892 1404 nescio
907 1362 948 1404 an
965 1361 1028 1404 non
1050 1337 1281 1406 emendandum
1302 1340 1345 1404 sit
1368 1333 1448 1402 ὅταν
1466 1334 1541 1423 γάρ

421 1436 554 1527 ἑψηθῇ,
586 1440 722 1523 denique
743 1461 801 1522 pro
822 1434 1037 1528 ὑποπλασθῇ
1064 1435 1131 1504 ὑπὸ
1154 1443 1212 1527 τῆς
1235 1441 1341 1527 πηγῆς
1371 1438 1427 1504 alii
1448 1437 1542 1514 allud,

420 1544 605 1609 Meziriacus
618 1551 726 1610 autem
738 1537 954 1632 ἀποσπασθῇ
971 1538 1040 1622 ἀπὸ
1062 1548 1119 1632 τῆς
1134 1547 1238 1631 πηγῆς
1253 1544 1454 1610 scribendum
1470 1563 1541 1608 con-

420 1652 503 1730 iecit,
526 1651 617 1735 quod,
640 1651 699 1716 etsi
715 1657 891 1716 ceterorum
912 1651 1076 1716 conatibus
1098 1650 1340 1733 praeferendum
1354 1655 1415 1728 est,
1436 1654 1542 1714 tamen

419 1775 478 1818 nec
498 1755 603 1834 ipsum
623 1757 753 1835 propter
773 1753 896 1817 hiatum
918 1752 1049 1835 probari
1069 1757 1181 1835 potest.
1224 1752 1379 1836 Equidem
1398 1773 1462 1817 non
1484 1750 1540 1814 du-

419 1857 502 1934 bito,
533 1857 611 1940 quin
631 1856 678 1920 ita
696 1856 793 1922 verba
813 1856 854 1922 ad
873 1857 1030 1922 saniorem
1058 1857 1214 1922 rationem
1239 1856 1380 1922 revocari
1403 1855 1541 1920 debeant

421 1957 502 2026 ὅταν
535 1953 593 2025 οὖν
624 1955 910 2026 ἀποσπασθὲν
943 1953 1024 2025 ἀπὸ
1059 1962 1129 2045 τῆς
1163 1961 1296 2046 πηγῆς
1327 1957 1420 2041 (Cod.
1448 1957 1545 2023 Vind.

422 2061 563 2148 πληγῆς)
580 2060 618 2125 τὸ
638 2059 727 2150 ὕδωρ
746 2060 779 2125 ἐν
800 2063 847 2146 τῷ
867 2053 942 2147 ἀέρι
964 2063 1295 2148 προθερμανθῇ,
1318 2057 1543 2147 περιψύχεται

419 2164 558 2244 ταχέως,
589 2164 702 2246 quibus
730 2163 948 2245 conposuerim
966 2162 1045 2227 Plut.
1076 2162 1116 2227 de
1138 2163 1198 2228 def.
1229 2184 1310 2230 orac.
1341 2184 1370 2244 p.
1395 2158 1543 2229 416εεὶ

420 2265 478 2330 τὸν
509 2262 593 2355 ἀέρα
621 2292 672 2345 τις
703 2261 816 2334 ἀνέλοι
845 2264 901 2331 καὶ
930 2261 1142 2358 ὑποσπάσειε
1165 2265 1222 2333 τὸν
1250 2267 1374 2350 μεταξὺ
1404 2269 1461 2352 γῆς
1488 2263 1545 2330 καί

422 2370 575 2458 σελήνης,
599 2371 658 2457 τὴν
680 2367 816 2456 ἑνότητα
840 2371 1001 2438 διαλύσει.

505 2476 596 2543 Alter
615 2478 717 2554 locus,
737 2499 929 2561 quamquam
947 2477 987 2544 de
1008 2479 1068 2543 hoc
1090 2499 1205 2563 magna
1225 2484 1392 2560 praeterea
1409 2483 1540 2562 propter

420 2580 549 2643 lacunas
579 2584 626 2645 est
653 2579 822 2657 dubitatio,
852 2581 969 2665 legitur
996 2582 1078 2647 libro
1106 2580 1167 2659 IV,
1190 2588 1225 2659 5,
1249 2585 1267 2646 3
1290 2602 1320 2662 p.
1345 2585 1405 2648 670
1415 2603 1439 2646 e.
1492 2580 1543 2646 Ibi

422 2681 570 2746 scribitur
590 2683 624 2746 in
642 2682 803 2748 codicibus
824 2688 978 2766 quantinn
995 2683 1059 2748 scio
1079 2682 1224 2748 omnibus
1244 2675 1313 2746 οὐδ’
1336 2682 1380 2722 **
1405 2675 1545 2765 ὃΛαμ-

422 2782 526 2873 πρίας
546 2781 613 2851 ὑπο
635 2787 680 2828 **
701 2779 787 2852 ἀλλὰ
807 2787 939 2872 λαγωοῦ
959 2787 1003 2827 **
1023 2809 1079 2851 ται
1102 2785 1187 2864 κτλ,
1225 2784 1265 2851 ad
1288 2805 1368 2868 quae
1395 2806 1479 2863 cum,
1502 2789 1547 2850 -ut

421 2887 502 2952 aliae
516 2886 635 2952 multae
649 2909 843 2971 magnaeque
861 2892 935 2952 sunt
955 2887 1048 2953 huius
1063 2886 1255 2969 quaestionis
1270 2886 1410 2965 lacunae,
1432 2885 1545 2952 eadem

421 2986 588 3051 manifesto
619 2988 769 3053 lacunosa
787 2989 852 3051 sint
872 2988 1027 3071 aliterque
1048 2988 1088 3052 ab
1110 2985 1183 3051 aliis
1203 2991 1372 3068 temptata,
1395 2988 1545 3053 Reiskius

420 3090 687 3172 ingeniosissimos
718 3090 846 3173 quidem
886 3089 943 3154 sed
978 3093 1110 3171 propter
1142 3089 1265 3153 hiatum
1298 3094 1407 3171 aperte
1447 3090 1546 3157 falsas

420 3196 616 3261 coniecturas
638 3196 803 3277 proposuit
825 3189 863 3259 οὐ
879 3196 974 3280 δῆτα,
1000 3189 1065 3281 ἔφη
1089 3189 1106 3260 ὁ
1126 3190 1317 3281 Λαμπρίας
1340 3188 1544 3278 ὑπολαβών·

421 3296 507 3364 ἀλλά
527 3302 589 3364 τοῦ
610 3300 670 3377 μέν
692 3300 823 3385 λαγωοῦ
845 3294 1027 3380 ἀπέχονται
1057 3298 1124 3361 κτλ.
1169 3295 1325 3381 Equidem
1351 3336 1385 3344 -
1407 3320 1480 3365 nam
1502 3299 1545 3366 de

420 3407 578 3471 sententia
594 3406 761 3471 verborum
781 3408 855 3487 post
874 3403 983 3485 priora
1004 3402 1091 3467 nulle
1105 3402 1218 3483 opinor
1237 3406 1341 3484 potest
1361 3424 1429 3469 esse
1450 3402 1544 3468 dubi—

419 3510 540 3596 tati0*)
558 3548 596 3559 -
611 3533 676 3575 una
696 3501 806 3576 littera
825 3509 940 3574 leniter
961 3511 1083 3573 mutata
1104 3508 1270 3573 certiorem
1292 3508 1548 3575 emendationem

420 3615 500 3679 mihi
522 3614 652 3681 videbar
672 3616 829 3683 invenisse
850 3612 1036 3698 corrigendo
1067 3606 1139 3677 οὐκ
1170 3606 1282 3699 ὀρθῶς
1303 3610 1426 3698 λέγεις,
1452 3605 1549 3680 εἶπεν

419 3716 611 3806 Λαμπρίας
637 3715 833 3801 ὑπολαβών,
872 3712 958 3783 ἀλλά
980 3718 1038 3782 τοῦ
1065 3715 1125 3798 μὲν
1148 3716 1280 3803 λαγωοῦ
1312 3713 1549 3802 φείδονται

420 3823 498 3898 κτλ,
521 3844 584 3905 quo
606 3827 639 3888 et
658 3824 782 3887 hiatum
801 3823 884 3889 evito
903 3820 1138 3887 intolerabilem
1160 3824 1192 3885 et
1203 3819 1283 3886 illud
1301 3820 1435 3886 restituo
1457 3820 1546 3906 quod

423 3929 456 3989 et
482 3924 616 3991 totidem
642 3947 715 3990 cum
741 3927 803 3991 isto
831 3926 932 3991 altero
954 3925 1054 3991 habet
1078 3924 1201 3989 litteras
1230 3929 1262 3989 et
1291 3928 1438 3991 constans
1459 3947 1547 3991 com-

418 4028 548 4093 mendat
576 4028 740 4110 scriptoris
766 4028 958 4094 consuetudo
984 4027 1061 4113 (cfr.
1088 4026 1191 4113 Symp.
1213 4028 1268 4106 IV,
1291 4035 1324 4107 4,
1346 4036 1366 4095 4
1395 4050 1424 4112 p.
1449 4036 1511 4097 669
1528 4054 1549 4096 c
1588 4062 1591 4067 ·

419 4128 457 4207 V,
479 4136 510 4203 7,
535 4135 554 4195 3
575 4150 606 4211 p.
628 4129 724 4195 681d
745 4134 816 4214 etc.)
866 4130 904 4194 In
934 4130 1086 4212 proximis
1116 4150 1195 4213 quae
1227 4127 1268 4193 ad
1300 4130 1446 4195 lacunam
1476 4151 1545 4196 sar-

419 4228 563 4295 ciendam
589 4232 732 4313 prolatae
763 4234 837 4297 sunt
865 4232 1070 4314 suspitiones‚
1105 4232 1183 4295 mihi
1213 4230 1343 4315 quidem
1373 4254 1438 4298 non
1467 4234 1551 4301 satis

488 4496 515 4564 ⁴³)
536 4500 634 4550 Moneo
652 4497 704 4549 hoc
723 4498 758 4551 ob
777 4497 841 4549 alias
860 4497 971 4549 aliorum
990 4498 1169 4561 coniecturas,
1188 4496 1268 4548 veluti
1286 4496 1400 4550 Tumeb.
1420 4503 1446 4549 et
1465 4497 1549 4554 Vulc.

419 4582 477 4639 οὐδ’
496 4581 603 4655 ἀλόγως
621 4585 675 4655 ἔφη
693 4582 707 4639 ὀ
726 4589 881 4657 Λαμπρίας
898 4585 940 4637 vel
960 4586 1085 4651 Scaligcri
1101 4583 1209 4650 (Epistol
1233 4584 1279 4649 lll,
1299 4585 1348 4636 232
1367 4600 1392 4651 p.
1404 4585 1465 4651 498)
1486 4585 1547 4639 οὐδ’

418 4669 474 4726 ἀπὸ
492 4669 597 4745 τρόπον
617 4670 671 4726 τόδ*
692 4673 767 4725 ἐστὶν
784 4674 838 4744 ἔφη
857 4670 870 4727 ὁ
890 4676 942 4741 Λ.,
962 4689 1037 4740 quae,
1057 4688 1117 4724 cum
1135 4676 1223 4738 aperte
1236 4672 1393 4739 obloquatur
1409 4673 1549 4742 Lampries
1589 4682 1591 4687 '

418 4760 570 4829 Callistrato,
589 4778 605 4814 ε
622 4778 690 4814 nexu
707 4764 892 4817 sententiarum
909 4779 1017 4832 prorsus
1036 4760 1186 4816 abhorrent.
