3700 5625
168 261 170 395 l

168 772 169 813 ι
236 758 320 822 sceret
339 753 479 837 profana
494 751 703 839 religionique
725 753 858 820 adderet
877 753 1063 837 voluptates,
1086 753 1127 820 ad
1140 754 1258 821 bonum
1277 759 1340 821 sto-

236 859 366 924 mcbum
394 858 575 941 ventrisque
603 857 789 942 obsequium
818 857 903 924 baud
932 858 1028 926 dubie
1054 857 1228 938 edanum,
1247 881 1344 944 quam

235 963 480 1031 ademendatam
500 963 665 1030 Plutarchi
693 964 913 1047 scriptionem,
941 965 1124 1031 ioculariter
1150 965 1244 1030 finxit
1266 964 1343 1032 στό-

234 1095 331 1153 μαχοι.
376 1070 459 1136 Vide
487 1075 642 1154 quantum
667 1071 860 1154 ineptiarum
891 1091 930 1136 ea
951 1092 1011 1136 vox
1032 1071 1128 1138 stulte
1154 1071 1344 1154 interposita

234 1175 385 1254 pepererit

168 1342 169 1359 ,
304 1277 459 1347 Similiter
480 1279 662 1347 foedissima
684 1279 866 1362 corruptele
885 1279 1019 1346 lectores
1041 1279 1145 1345 adhuc
1163 1278 1351 1346 ludificatur·

168 1392 169 1467 ι
233 1378 318 1445 ineis
339 1403 421 1466 quae
453 1381 505 1448 edi
535 1382 638 1448 solent
663 1383 699 1446 in
716 1383 771 1446 vit.
792 1381 924 1447 Periclis
946 1404 972 1450 c.
995 1387 1023 1449 6.
1067 1382 1275 1466 Posteaquam
1304 1381 1343 1449 de
1455 1401 1458 1408 ·

227 1484 334 1570 insigni
360 1487 525 1554 commodo
554 1487 757 1567 dictumest,
789 1488 875 1572 quod
895 1487 1033 1554 Pericles
1055 1511 1092 1554 ex
1117 1488 1343 1556 consuetudine
1405 1488 1411 1502 '

232 1608 258 1650 ac
267 1587 484 1655 familiaritate
497 1589 705 1675 Anaxagorae
719 1589 910 1656 Clazomenii
921 1591 1053 1673 ceperit,
1069 1595 1104 1654 ut
1118 1612 1226 1656 rerum
1242 1592 1345 1657 causis

232 1691 351 1773 cognitis
379 1692 444 1756 iam
464 1691 547 1757 liber
567 1697 651 1758 esset
671 1692 712 1758 ab
734 1693 821 1757 omui
842 1691 1082 1774 superstitione,
1113 1713 1208 1776 quam
1236 1714 1343 1758 rerum

168 1798 169 1869 }
234 1795 402 1860 coelestium
424 1796 648 1880 contemplatio
678 1802 773 1880 atque
793 1801 899 1861 terror
918 1795 1044 1863 effioere
1068 1795 1182 1874 soleat,
1212 1795 1340 1862 subiun-

231 1897 302 1980 gitur
328 1900 567 1964 narratiuncula
591 1900 755 1984 decapite
784 1901 894 1966 arietis
924 1901 1086 1966 unicornis
1119 1899 1160 1965 ad
1188 1900 1342 1966 Periclem

231 2023 289 2067 rure
310 2003 412 2068 adlati
436 2008 468 2068 et
489 2025 553 2087 qua
580 2004 704 2070 ratione
729 2009 912 2086 portentum
932 2027 952 2071 a
973 2005 1134 2089 lampone
1162 2025 1281 2089 augme
1311 2008 1345 2068 et

230 2125 324 2170 mrsus
341 2106 383 2172 ab
405 2107 595 2192 Anaxagora
623 2108 869 2191 interpretatum
895 2108 1001 2176 fuerit.
1044 2108 1167 2176 Deinde
1197 2111 1276 2177 haec
1297 2109 1340 2176 le·

230 2217 332 2293 guntur
351 2207 476 2277 ἐκώλυε
499 2207 529 2278 d'
542 2206 647 2293 οὐδὲν,
672 2206 777 2296 οἶμαι,
799 2212 931 2280 καὶτὸν
954 2213 1095 2301 φυσικὸν
1116 2210 1343 2300 ἐπιτυγχάνειν

230 2310 348 2377 καὶτὸν
367 2308 502 2396 μόντιν,
524 2313 666 2398 τοῦμὲν
687 2313 744 2402 την
767 2312 891 2396 αἰτίαν,
916 2319 975 2382 τοῦ
998 2313 1034 2382 δὲ
1056 2311 1093 2380 τό
1116 2314 1211 2392 τέλος
1235 2315 1355 2394 καλῶςΙ

168 2454 169 2481 ι
229 2413 499 2500 ἐκλαμβάνοντος·
529 2413 685 2484 ὑπέκειτο
716 2417 779 2508 γὰρ
800 2422 847 2507 τῷ
866 2421 943 2501 μέν,
976 2416 1012 2484 ἐκ
1033 2414 1131 2482 τίνων
1152 2417 1264 2505 γέγονε
1286 2415 1343 2482 καί

168 2538 169 2589 3
230 2523 292 2600 τοῖς
311 2521 456 2609 πέφυκε,
488 2526 679 2613 θεωρῆσαι,
704 2525 751 2612 τῷ
773 2523 828 2604 δέ,
849 2523 934 2613 πρός
963 2523 996 2591 τί
1018 2524 1129 2612 γέγονε
1151 2523 1207 2590 καί
1228 2520 1262 2590 τί
1283 2546 1342 2611 ση-

168 2640 169 2643 ’
228 2621 342 2705 μαίνει,
369 2627 557 2714 προειπεῖν.
599 2623 641 2690 Oi
663 2624 701 2691 de*
720 2627 779 2713 τῆς
802 2622 913 2704 αἰτίας
941 2621 999 2713 την
1023 2621 1150 2713 εόρεσιν
1172 2617 1342 2712 ἀναίρεσιν

228 2719 302 2792 εἶναι
322 2727 473 2815 λέγοντες
494 2731 554 2794 τοῦ
576 2723 717 2816 σημείου
740 2721 800 2793 oria
822 2725 1014 2793 ἐπινοοῦσιν
1045 2722 1116 2808 όμα
1137 2729 1208 2802 τοῖς
1231 2719 1343 2801 θείοις

228 2834 275 2902 καὶ
303 2836 344 2903 τοί
373 2839 511 2924 τεχνητὰ
547 2840 610 2903 τῶν
640 2833 816 2921 συμβόλων
844 2830 1060 2915 ἀθετοῦντες,
1096 2830 1265 2923 ψόφους
1299 2854 1342 2898 τε
1438 2868 1442 2875 ·

227 2938 374 3009 δίσκων
396 2940 452 3008 καί
469 2946 565 3032 φῶτα
581 2945 717 3032 πυρσῶν
732 2942 788 3007 καί
806 2935 981 3028 γνωμόνων
998 2931 1273 3019 ἀποσκιασμούς·
1296 2924 1342 3000 ὦν
1370 2946 1372 2950 ’

227 3043 354 3112 ἕκαστον
384 3042 479 3135 αἰτίην
509 3045 573 3111 τινὶ
598 3043 655 3110 καὶ
680 3044 868 3133 κατασκευῇ
896 3045 1033 3129 σημεῖον
1057 3031 1142 3106 εἶναί
1164 3062 1254 3118 τινος
1279 3060 1340 3104 πε-

227 3146 362 3235 ποίηται.
395 3153 508 3217 Ταῦτα
529 3151 590 3235 μὲν
613 3142 671 3217 οὖν
686 3147 767 3228 ἴσως
785 3144 901 3238 ἑτέρας
924 3147 993 3215 ἐστὶ
1016 3143 1257 3236 πραγματείας.
1290 3146 1342 3213 Sic

225 3248 298 3315 bunc
323 3252 429 3318 locum
457 3251 612 3319 editiones
640 3251 810 3336 pleraeque
840 3251 1008 3330 exhibent,
1037 3272 1140 3335 neque
1168 3254 1216 3316 est
1241 3250 1275 3314 in
1298 3268 1342 3326 eo,

226 3352 299 3433 quod
319 3352 480 3419 offendere
501 3358 597 3439 atque
618 3353 764 3436 inpedire
781 3353 921 3436 peritum
943 3352 1092 3419 lectorem
1113 3350 1227 3433 possit,
1248 3370 1339 3431 prae-

225 3455 359 3535 terquam
380 3454 416 3519 in
436 3454 542 3520 verbis
563 3448 703 3542 ψόφους
723 3477 760 3519 τε
783 3452 921 3530 δίσκων,
946 3472 1080 3535 quorum
1105 3448 1228 3533 siquid
1249 3447 1349 3513 video.

225 3556 372 3621 antenus
398 3561 466 3622 tam
494 3557 605 3641 inepta
624 3560 688 3635 est,
707 3561 744 3621 ut
761 3577 869 3621 veram
889 3552 1034 3621 codicum
1054 3554 1245 3635 scripturam
1273 3572 1341 3618 esse

224 3680 279 3724 non
297 3660 438 3728 adducar
458 3667 495 3727 ut
517 3663 652 3729 credam.
687 3662 734 3727 Ac
756 3661 895 3744 primum
917 3660 1047 3745 quidem
1067 3678 1225 3743 quaenam
1244 3658 1338 3725 intel-

168 3825 169 3830 ,
224 3756 347 3842 legenda
360 3756 591 3845 sint'oipftolo
614 3759 752 3848 τεχνητὰ
773 3766 846 3844 post
866 3782 905 3827 ee
924 3782 1006 3846 quae
1027 3760 1183 3840 Reiskius,
1204 3761 1343 3845 repetita

223 3859 327 3930 deinde
355 3887 376 3930 a
398 3865 510 3931 Carolo
530 3864 653 3931 Sinteni
681 3866 716 3930 in
737 3864 876 3931 editione
898 3864 1034 3942 maimo,
1065 3864 1106 3931 ad
1128 3864 1213 3929 hunc
1238 3864 1342 3935 locum

168 4001 169 4004 π
226 3967 421 4036 subtilissime
439 3971 617 4050 adnotavit,
639 3970 770 4037 cuilibet
789 3971 902 4053 opinor
922 3968 1127 4037 manifestum
1149 3990 1216 4036 esse
1237 3968 1340 4036 debet.

228 4068 300 4137 Sunt
311 4075 403 4154 enim,
418 4080 456 4140 ut
465 4075 543 4159 ipsis
554 4076 664 4141 Reiski
678 4076 784 4141 verbis
795 4080 877 4154 utar,
891 4094 964 4139 cum
977 4074 1030 4139 vix
1041 4074 1158 4157 possim
1171 4070 1341 4151 explanare

223 4178 333 4258 melius,
352 4179 472 4246 indicia
492 4203 601 4247 rerum
621 4181 662 4247 ab
683 4181 756 4247 aliis
777 4181 873 4247 rebus
893 4179 1008 4246 effecta
1027 4179 1077 4245 vel
1092 4174 1266 4254 existentia,
1288 4199 1342 4241 που

223 4290 355 4351 camora
367 4292 532 4371 procreatis
553 4288 587 4374 (i.
609 4309 635 4353 e.
659 4291 732 4365 τοῖς
752 4283 894 4369 θείοις),
915 4288 967 4355 au
986 4288 1020 4349 ob
1041 4290 1104 4348 orte
1131 4287 1258 4347 humano
1281 4286 1341 4349 ἐἰσ

224 4382 321 4451 murs
343 4390 437 4471 (τοῖς
456 4392 661 4475 τεχνητοῖς),
692 4393 730 4454 ut
749 4390 847 4457 taeda
875 4392 989 4459 ardens
1017 4395 1050 4457 et
1070 4408 1208 4474 gnomon
1228 4386 1343 4454 umbra

224 4489 338 4572 tempus
362 4491 557 4578 significans,
591 4497 665 4558 sunt
685 4514 737 4559 res
765 4494 931 4560 hominum
965 4493 1112 4559 manibus
1142 4496 1339 4576 conparatae,

224 4608 274 4669 per
294 4616 371 4679 quas
390 4618 456 4662 non
479 4596 568 4663 nulla
588 4596 784 4676 indicantur,
806 4619 887 4683 quae
909 4596 1053 4663 videntes
1082 4590 1341 4682 intelleguntsel

224 4699 399 4769 coniectent.
450 4703 572 4782 Quibus
602 4703 793 4789 subiungere
822 4703 902 4769 libet
929 4701 1070 4769 eiusdem
1101 4703 1161 4768 viri
1189 4700 1333 4766 observa·
1439 4716 1442 4723 ·
