3700 5625
711 625 921 694 ..2⁷-

256 785 415 876 καθαρὰν
429 781 577 868 δδικίας,
601 807 690 874 eonp.
708 787 802 856 Dion.
819 809 845 858 o.
859 788 994 874 Βιιιιιιδ
1011 783 1099 858 τοῦτ’
1121 786 1295 878 εἰλικρινές
1312 788 1385 861 ἔστι

256 892 307 974 ,τῷ
329 887 469 982 Βρούτῳ
489 888 547 958 καὶ
568 885 721 978 καθαρόν
741 889 834 978 (oonl.
857 889 983 970 Quaeso
1004 889 1085 958 Plut.
1106 888 1192 1004 ssep·
1208 889 1271 975 36)
1292 909 1386 973 quem

253 993 395 1092 praeivit
414 992 651 1078 Theophrastus
670 994 700 1060 ln
718 994 898 1088 pl.l212,2
917 991 1024 1080 πέψιν
1047 991 1203 1080 καθαρὰν
1225 991 1282 1058 καὶ
1303 988 1385 1058 εἰλι-

253 1097 352 1184 κρινῆ
373 1101 406 1162 et
427 1096 518 1164 Philo
540 1095 580 1164 de
602 1096 713 1164 ebriet.
729 1118 760 1180 p.
775 1103 837 1166 216
858 1099 932 1162 νοῦν
954 1094 1232 1187 εἰλικρινέστατον
1248 1096 1304 1164 καὶ
1324 1120 1384 1162 κα-
1416 1087 1423 1098 ’

253 1195 466 1290 θαροίτατον,
494 1206 528 1270 ul
543 1203 681 1282 nesciam
702 1225 744 1270 an
757 1204 793 1270 in
810 1209 901 1270 tante
920 1203 1138 1291 exemplorum
1157 1203 1385 1288 aequabilitate

150 1361 151 1364 ,
253 1305 290 1373 in
319 1306 424 1374 verbis
448 1307 560 1375 Dionis
591 1309 748 1394 Chrysost
769 1309 820 1376 Or.
844 1309 1005 1389 XXXIII,
1032 1329 1063 1392 p.
1093 1314 1143 1387 67,
1166 1308 1243 1376 91).
1278 1302 1309 1375 εἰ
1336 1306 1381 1396 μή

257 1407 407 1484 Μοῦσαί
434 1435 470 1479 τε
500 1409 555 1484 καί
581 1406 756 1480 Ἀπόλλων
778 1410 812 1478 ἐν
841 1409 928 1500 θείῳ
958 1411 1081 1500 ῥυθμῷ
1101 1410 1159 1498 τῆς
1187 1405 1385 1497 εἰλικρινοῦς

250 1535 288 1580 τι
310 1511 370 1580 καὶ
391 1502 414 1580 δί
421 1539 528 1603 κρας
557 1509 720 1605 ἁρμονίας
747 1537 806 1600 pro
828 1507 933 1605 ἰίκρας
961 1536 1033 1581 enm
1060 1514 1178 1600 insigni
1207 1513 1383 1585 sententiae

249 1615 466 1688 emolumento
487 1618 637 1684 substitui
654 1623 796 1702 praestet
816 1620 1029 1707 καθαρᾶς.

337 1721 389 1788 λδ
412 1742 443 1806 p.
466 1728 507 1790 24
535 1723 635 1810 (conf.
665 1723 744 1790 Add.
774 1744 804 1806 p.
827 1726 886 1808 68)
915 1727 953 1788 nt
978 1721 1079 1806 magis
1102 1722 1199 1790 etiam
1227 1720 1382 1810 adsideat,

249 1826 340 1910 qnod
365 1849 405 1894 ex
425 1827 585 1900 Clemente
606 1827 776 1894 Plutarcho
806 1826 934 1894 reatini
965 1825 1001 1890 in
1030 1825 1096 1890 vita
1117 1821 1261 1890 Caesarie
1289 1844 1314 1888 ο.
1342 1829 1380 1891 1s

248 1931 300 2012 τὰ
331 1934 541 2018 μέλλοντα
570 1927 824 2023 προδθέσπιζον
854 1955 926 2000 cum
951 1932 987 1998 in
1009 1930 1170 1998 codicibus
1190 1929 1379 1998 extermina·

248 2045 322 2108 tum
342 2044 425 2108 esset
445 2040 487 2106 τδ
508 2039 683 2125 μέλλοντα,
705 2037 914 2105 conserendus
935 2037 1033 2104 etiam
1053 2035 1134 2102 Plut
1150 2035 1257 2118 Pomp.
1276 2038 1316 2102 32
1339 2030 1381 2098 τὰ

246 2143 416 2227 μέλλοντα
433 2143 622 2234 προδηλοῦν
635 2147 669 2210 et
683 2141 797 2210 Strabo
815 2140 892 2218 XIV
903 2162 934 2225 p.
943 2146 1006 2209 676
1022 2139 1100 2218 τοδς
1112 2135 1279 2227 χρησμούς
1294 2161 1379 2224 προ-

250 2239 468 2324 θεσπίζουσι.
515 2243 562 2308 Αο
591 2241 737 2310 similiter
766 2240 849 2310 dixit
868 2239 998 2327 Procop.
1020 2238 1051 2305 b.
1073 2260 1102 2322 g.
1122 2257 1152 2320 p.
1178 2241 1253 2313 15⁷,
1278 2241 1317 2302 19
1338 2231 1380 2300 ταὶ

247 2342 416 2428 μέλλοντα
438 2338 732 2432 προβουλεύεσθαι
752 2347 786 2408 et
805 2341 916 2408 Zonar.
935 2337 1047 2406 Annei.
1070 2336 1135 2415 ΙΠ,
1157 2339 1176 2402 8
1198 2356 1228 2421 p.
1242 2339 1312 2412 230,
1340 2340 1374 2401 11

247 2443 311 2534 τὴν
334 2445 490 2534 δευτέραν
506 2443 707 2532 ἐπιφάνειαν
721 2446 780 2520 τοῦ
794 2447 945 2534 σωτῆρος
961 2437 1205 2532 προθεσπίζειν
1220 2446 1253 2506 et
1267 2443 1381 2506 contre

247 2569 449 2622 eommunem
484 2549 743 2618 consuetudinem
778 2549 922 2616 Clemens
958 2545 1127 2615 Alexandr.
1157 2545 1250 2614 Paed.
1279 2545 1328 2625 11,
1358 2547 1377 2611 8

246 2675 277 2738 p.
302 2659 366 2722 205
389 2653 422 2721 P.
463 2653 543 2740 περὶ
561 2642 608 2720 ὦν
629 2654 685 2720 καί
707 2652 764 2721 διὰ
793 2655 852 2722 τοῦ
873 2649 1062 2742 ψαλμιρδοῦ
1093 2646 1320 2736 προθεσπίζει
1339 2649 1377 2714 τδ

248 2759 398 2836 πνεῦμα.
445 2757 483 2827 In
504 2757 557 2825 his,
576 2779 675 2845 aeque
695 2764 791 2847 atque
812 2758 846 2834 in
868 2757 984 2828 ceteris
1003 2761 1129 2824 lantum
1146 2776 1212 2823 non
1232 2755 1378 2828 omnibns

247 2863 453 2949 subiungitur
463 2864 629 2945 obiectum,
644 2865 733 2933 ouius
744 2870 852 2931 temen
867 2864 995 2931 omissio
1010 2884 1075 2929 non
1087 2882 1219 2945 prorsus
1230 2861 1378 2929 inaudita

247 2966 319 3031 init
363 2964 430 3033 Nee
448 2965 483 3043 in
504 2971 594 3033 tenta
614 2966 736 3033 relicua
756 2966 951 3039 noviciorum
972 2964 1199 3042 inconstantia,
1220 2963 1276 3047 qni
1289 2984 1374 3029 seve·

245 3069 386 3145 rioribus
413 3070 566 3155 pristinae
587 3070 771 3157 graecitatis
791 3070 914 3158 legibus
935 3070 1053 3156 ubique
1073 3062 1278 3147 reluctantur,
1297 3069 1376 3135 haee
1402 3137 1405 3143 ,

245 3171 375 3255 dieque
397 3172 536 3257 plurima
557 3173 599 3239 ad
620 3173 764 3261 regulam
784 3173 1047 3259 redigipossunt

333 3275 396 3343 Sed
418 3278 496 3345 satie
518 3278 557 3345 de
579 3279 629 3345 hie
651 3278 785 3359 dietum,
808 3279 849 3345 ad
869 3300 951 3365 quae
971 3278 1076 3364 abripi
1097 3297 1154 3342 nos
1167 3275 1254 3361 paesi
1269 3295 1376 3340 sumus

248 3382 385 3463 anea
398 3383 669 3456 inconsideratius
706 3387 895 3473 Priusquam
910 3392 1018 3453 tamen
1032 3384 1109 3450 hine
1123 3382 1281 3457 abeamus.
1304 3400 1377 3445 num
1452 3423 1456 3429 -

246 3487 345 3569 semel
366 3487 582 3571 διαπεῖραι
604 3489 646 3557 ad
666 3511 774 3559 vocem
796 3488 963 3577 καθαρός,
997 3487 1094 3553 etiarn
1114 3485 1175 3549 hoo
1195 3482 1375 3566 adiungam,

248 3592 367 3671 maltos
387 3599 498 3669 eontra
515 3595 550 3669 in
564 3595 625 3660 hoe
639 3596 791 3663 vocabulo
812 3595 953 3671 haesisse
974 3600 1007 3659 et
1025 3591 1145 3682 optimo
1161 3587 1289 3673 quidem
1305 3588 1376 3653 iure

245 3696 386 3772 heensse
407 3699 441 3765 in
461 3698 530 3779 vita
549 3698 662 3768 Niciae
691 3722 715 3765 ο.
743 3704 794 3778 18,
820 3701 877 3767 nbi
897 3704 1068 3782 postquam
1087 3695 1261 3780 Gylippnm
1281 3695 1369 3761 inno-

246 3804 347 3883 tuerit
369 3803 573 3889 Syrasusenir
602 3826 695 3890 opem
719 3806 872 3874 laturnm·
885 3826 967 3882 esse,
994 3802 1102 3869 Nicias
1128 3805 1278 3867 narratur
1305 3792 1373 3866 ύιιδ

248 3912 307 3997 τῆς
323 3908 358 3987 ἕν
372 3915 422 3998 τῷ.
436 3911 581 4001 παρόντι
597 3908 711 4003 ῥώμης
726 3912 782 3980 καὶ
805 3906 902 3999 τύχης
915 3906 1211 3998 ἀνατεθαρρηκώς,
1225 3904 1374 3991 μάλιστα

248 4008 285 4077 δὲ
308 4013 381 4088 τοῖς
405 4008 442 4084 ἒιι
470 4014 688 4100 Συρακουσῶν
713 4010 965 4096 διαλεγομένοις
987 4007 1100 4099 κρύφα
1120 4006 1178 4075 καὶ
1199 4008 1388 4091 πέμπουσι,

247 4106 335 4197 πρὸς
357 4102 456 4175 αύτδν
471 4105 552 4177 δσον
565 4102 661 4176 οἰίπω
682 4110 741 4199 τὴν
758 4106 857 4175 πόλιν
874 4105 1072 4177 ἐνδίδοσθαι
1088 4105 1174 4173 κατὰ
1192 4100 1373 4189 συμβάσεις

246 4203 389 4291 νομίζων
402 4202 521 4281 οὐδένα
536 4213 597 4277 τού
607 4207 786 4279 Γυλίππου
800 4206 899 4299 λόγον
913 4206 987 4294 ἔσχε
1001 4210 1255 4300 προσπλέοντος
1275 4200 1373 4273 οὐδὲ

248 4311 439 4399 φυλακὴν
455 4311 692 4402 ἐποιήσατο
707 4312 911 4403 καθαρὰν,
927 4307 1072 4399 illoto
1086 4304 1373 4400 παντελῶςύπερ-

211 4420 213 4425 ’
246 4418 396 4508 ορᾶσθαι
416 4415 474 4483 καὶ
489 4422 781 4509 καταφρονεῖσθαι
803 4415 919 4485 λαθιδν
932 4412 1064 4484 αύτὸνδ
1082 4409 1163 4502 ἀνὴρ
1179 4409 1373 4483 εἰσέπλευσε

245 4518 301 4586 διδ
316 4524 378 4588 τοῦ
392 4519 554 4609 πόρθμου
570 4526 638 4589 κιλ.
682 4524 721 4592 Ιιι
740 4524 790 4594 his
806 4546 878 4591 oum
894 4521 1051 4609 καθαρὰν
1068 4518 1248 4587 ποιεῖσθαι
1263 4522 1373 4610 φυλα-

246 4622 303 4715 κήν
319 4628 386 4693 tam
402 4625 575 4703 absurdum
589 4628 632 4697 sit
652 4632 684 4696 et
706 4628 890 4706 ridiculum,
911 4633 948 4693 ut
963 4618 1044 4691 nihil
1060 4625 1163 4711 magis
1185 4647 1252 4693 esse
1266 4624 1373 4709 possit

245 4724 379 4807 notin
401 4748 438 4809 ‘⁴¹0
468 4728 664 4809 emandando
692 4733 903 4815 pepercerunt
923 4748 1039 4811 operes
1057 4727 1121 4796 viri
1139 4726 1327 4804 doctiaima
1354 4746 1373 4794 e
