<?xml version="1.0" encoding="UTF-8"?>
<!DOCTYPE html PUBLIC "-//W3C//DTD XHTML 1.0 Transitional//EN"
    "http://www.w3.org/TR/xhtml1/DTD/xhtml1-transitional.dtd">
<html xmlns="http://www.w3.org/1999/xhtml" xml:lang="en" lang="en">
 <head>
  <title>
</title>
<meta http-equiv="Content-Type" content="text/html;charset=utf-8" />
  <meta name='ocr-system' content='tesseract 3.04.00' />
  <meta name='ocr-capabilities' content='ocr_page ocr_carea ocr_par ocr_line ocrx_word'/>
</head>
<body>
  <div class='ocr_page' id='page_1' title='image "./vindiciarumplut00doehgoog_0089.png"; bbox 0 0 3700 5625; ppageno 0'>
   <div class='ocr_carea' id='block_1_1' title="bbox 751 623 964 685">
    <p class='ocr_par' dir='ltr' id='par_1_1' title="bbox 751 623 964 685">
     <span class='ocr_line' id='line_1_1' title="bbox 751 623 964 685; baseline 0.009 -19"><span class='ocrx_word' id='word_1_1' title='bbox 751 623 964 685; x_wconf 77' lang='lat'>..71-</span> 
     </span>
    </p>
   </div>
   <div class='ocr_carea' id='block_1_2' title="bbox 281 782 1458 2845">
    <p class='ocr_par' dir='ltr' id='par_1_2' title="bbox 281 782 1458 2845">
     <span class='ocr_line' id='line_1_2' title="bbox 285 782 1419 868; baseline 0.007 -18"><span class='ocrx_word' id='word_1_2' title='bbox 285 782 426 861; x_wconf 86' lang='lat' dir='ltr'><strong>faciunt,</strong></span> <span class='ocrx_word' id='word_1_3' title='bbox 453 784 570 868; x_wconf 89' lang='lat' dir='ltr'><strong>quibus</strong></span> <span class='ocrx_word' id='word_1_4' title='bbox 598 786 770 852; x_wconf 88' lang='lat' dir='ltr'><strong>tamenin</strong></span> <span class='ocrx_word' id='word_1_5' title='bbox 799 791 867 854; x_wconf 91' lang='lat' dir='ltr'><strong>tam</strong></span> <span class='ocrx_word' id='word_1_6' title='bbox 893 788 1022 854; x_wconf 83' lang='lat' dir='ltr'><strong>infinite</strong></span> <span class='ocrx_word' id='word_1_7' title='bbox 1051 790 1253 856; x_wconf 87' lang='lat' dir='ltr'><strong>coniectandi</strong></span> <span class='ocrx_word' id='word_1_8' title='bbox 1283 792 1419 858; x_wconf 84' lang='lat' dir='ltr'><strong>materia</strong></span> 
     </span>
     <span class='ocr_line' id='line_1_3' title="bbox 287 889 1418 975; baseline 0.005 -21"><span class='ocrx_word' id='word_1_9' title='bbox 287 889 368 974; x_wconf 90' lang='lat' dir='ltr'><strong>quid</strong></span> <span class='ocrx_word' id='word_1_10' title='bbox 389 890 490 955; x_wconf 90' lang='lat' dir='ltr'><strong>tutius</strong></span> <span class='ocrx_word' id='word_1_11' title='bbox 509 889 650 972; x_wconf 87' lang='lat' dir='ltr'><strong>suppleri</strong></span> <span class='ocrx_word' id='word_1_12' title='bbox 672 891 774 973; x_wconf 77' lang='lat' dir='ltr'>possit</span> <span class='ocrx_word' id='word_1_13' title='bbox 794 890 951 975; x_wconf 87' lang='lat' dir='ltr'><strong>adsequor</strong></span> <span class='ocrx_word' id='word_1_14' title='bbox 969 892 1059 960; x_wconf 84' lang='lat' dir='ltr'><strong>nihil</strong></span> <span class='ocrx_word' id='word_1_15' title='bbox 1103 893 1172 959; x_wconf 91' lang='lat' dir='ltr'><strong>Hoc</strong></span> <span class='ocrx_word' id='word_1_16' title='bbox 1193 915 1292 958; x_wconf 93' lang='lat' dir='ltr'><strong>unum</strong></span> <span class='ocrx_word' id='word_1_17' title='bbox 1311 894 1346 958; x_wconf 93' lang='lat' dir='ltr'><strong>in</strong></span> <span class='ocrx_word' id='word_1_18' title='bbox 1366 895 1418 960; x_wconf 93' lang='lat' dir='ltr'><strong>his</strong></span> 
     </span>
     <span class='ocr_line' id='line_1_4' title="bbox 286 990 1416 1077; baseline 0.004 -19"><span class='ocrx_word' id='word_1_19' title='bbox 286 991 431 1058; x_wconf 89' lang='lat' dir='ltr'><strong>tenebris</strong></span> <span class='ocrx_word' id='word_1_20' title='bbox 451 990 585 1074; x_wconf 78' lang='lat' dir='ltr'><strong>dispicio</strong></span> <span class='ocrx_word' id='word_1_21' title='bbox 606 993 781 1058; x_wconf 86' lang='lat' dir='ltr'><strong>rectissime</strong></span> <span class='ocrx_word' id='word_1_22' title='bbox 800 1014 860 1077; x_wconf 90' lang='lat' dir='ltr'><strong>pro</strong></span> <span class='ocrx_word' id='word_1_23' title='bbox 878 993 1023 1059; x_wconf 90' lang='lat' dir='ltr'><strong>codicum</strong></span> <span class='ocrx_word' id='word_1_24' title='bbox 1037 994 1173 1061; x_wconf 89' lang='lat' dir='ltr'><strong>lectione</strong></span> <span class='ocrx_word' id='word_1_25' title='bbox 1197 992 1268 1059; x_wconf 81' lang='grc' dir='ltr'><strong>τὸν</strong></span> <span class='ocrx_word' id='word_1_26' title='bbox 1288 992 1416 1077; x_wconf 82' lang='grc' dir='ltr'><em>μένον</em></span> 
     </span>
     <span class='ocr_line' id='line_1_5' title="bbox 284 1093 1413 1180; baseline 0.001 -14"><span class='ocrx_word' id='word_1_27' title='bbox 284 1100 435 1166; x_wconf 91' lang='lat' dir='ltr'><strong>refictum</strong></span> <span class='ocrx_word' id='word_1_28' title='bbox 454 1101 556 1168; x_wconf 90' lang='lat' dir='ltr'><strong>videri</strong></span> <span class='ocrx_word' id='word_1_29' title='bbox 574 1100 632 1166; x_wconf 85' lang='grc' dir='ltr'><strong>τὸν</strong></span> <span class='ocrx_word' id='word_1_30' title='bbox 654 1093 739 1180; x_wconf 70' lang='grc' dir='ltr'><em>ὄνον,</em></span> <span class='ocrx_word' id='word_1_31' title='bbox 771 1103 861 1168; x_wconf 92' lang='lat' dir='ltr'><strong>cuius</strong></span> <span class='ocrx_word' id='word_1_32' title='bbox 881 1103 1075 1171; x_wconf 83' lang='lat' dir='ltr'><strong>mentionem</strong></span> <span class='ocrx_word' id='word_1_33' title='bbox 1095 1104 1167 1170; x_wconf 88' lang='lat' dir='ltr'><strong>fieri</strong></span> <span class='ocrx_word' id='word_1_34' title='bbox 1196 1103 1341 1170; x_wconf 82' lang='lat' dir='ltr'><strong>debuisse</strong></span> <span class='ocrx_word' id='word_1_35' title='bbox 1358 1101 1413 1167; x_wconf 89' lang='lat' dir='ltr'><strong>ad-</strong></span> 
     </span>
     <span class='ocr_line' id='line_1_6' title="bbox 282 1197 1414 1293; baseline -0.002 -23"><span class='ocrx_word' id='word_1_36' title='bbox 282 1226 453 1270; x_wconf 88' lang='lat' dir='ltr'><strong>monemur</strong></span> <span class='ocrx_word' id='word_1_37' title='bbox 470 1203 630 1288; x_wconf 80' lang='lat' dir='ltr'><strong>prioribus</strong></span> <span class='ocrx_word' id='word_1_38' title='bbox 643 1204 701 1270; x_wconf 86' lang='grc' dir='ltr'><strong>καὶ</strong></span> <span class='ocrx_word' id='word_1_39' title='bbox 721 1201 803 1283; x_wconf 74' lang='grc' dir='ltr'><strong><em>ἴσως</em></strong></span> <span class='ocrx_word' id='word_1_40' title='bbox 824 1201 889 1286; x_wconf 76' lang='grc' dir='ltr'><em>ἔχει</em></span> <span class='ocrx_word' id='word_1_41' title='bbox 911 1202 1020 1291; x_wconf 83' lang='grc' dir='ltr'><em>λόγον,</em></span> <span class='ocrx_word' id='word_1_42' title='bbox 1043 1198 1089 1283; x_wconf 75' lang='grc' dir='ltr'><strong>ὣς</strong></span> <span class='ocrx_word' id='word_1_43' title='bbox 1107 1204 1146 1293; x_wconf 74' lang='grc' dir='ltr'><strong>δὴ</strong></span> <span class='ocrx_word' id='word_1_44' title='bbox 1164 1206 1221 1270; x_wconf 79' lang='grc' dir='ltr'><strong>τὸν</strong></span> <span class='ocrx_word' id='word_1_45' title='bbox 1237 1198 1314 1271; x_wconf 72' lang='grc' dir='ltr'><em>ὄνον</em></span> <span class='ocrx_word' id='word_1_46' title='bbox 1332 1197 1414 1269; x_wconf 78' lang='grc' dir='ltr'><em>ἅνα-</em></span> 
     </span>
     <span class='ocr_line' id='line_1_7' title="bbox 282 1295 1412 1397; baseline -0.004 -23"><span class='ocrx_word' id='word_1_47' title='bbox 282 1306 440 1397; x_wconf 76' lang='grc' dir='ltr'><em>φὴναντα</em></span> <span class='ocrx_word' id='word_1_48' title='bbox 463 1305 569 1395; x_wconf 77' lang='grc' dir='ltr'><em>πηγὴν</em></span> <span class='ocrx_word' id='word_1_49' title='bbox 589 1302 704 1387; x_wconf 78' lang='grc' dir='ltr'><em>αὐτοῖς</em></span> <span class='ocrx_word' id='word_1_50' title='bbox 734 1302 857 1386; x_wconf 71' lang='grc' dir='ltr'><em>ὕδατος</em></span> <span class='ocrx_word' id='word_1_51' title='bbox 886 1311 1077 1394; x_wconf 54' lang='lat' dir='ltr'><strong>teudulfi),</strong></span> <span class='ocrx_word' id='word_1_52' title='bbox 1107 1306 1193 1376; x_wconf 77' lang='grc' dir='ltr'><em>οὕτω</em></span> <span class='ocrx_word' id='word_1_53' title='bbox 1221 1307 1278 1375; x_wconf 86' lang='grc' dir='ltr'><strong>καὶ</strong></span> <span class='ocrx_word' id='word_1_54' title='bbox 1299 1305 1355 1396; x_wconf 76' lang='grc' dir='ltr'><strong>τὴν</strong></span> <span class='ocrx_word' id='word_1_55' title='bbox 1375 1295 1412 1373; x_wconf 80' lang='grc' dir='ltr'><strong>ὗν</strong></span> 
     </span>
     <span class='ocr_line' id='line_1_8' title="bbox 282 1407 1413 1502; baseline -0.001 -24"><span class='ocrx_word' id='word_1_56' title='bbox 282 1411 453 1494; x_wconf 75' lang='grc' dir='ltr'><em>σέβεσθαι</em></span> <span class='ocrx_word' id='word_1_57' title='bbox 474 1407 605 1499; x_wconf 81' lang='grc' dir='ltr'><strong><em>σπόρου</em></strong></span> <span class='ocrx_word' id='word_1_58' title='bbox 627 1412 684 1478; x_wconf 80' lang='grc' dir='ltr'><strong>καὶ</strong></span> <span class='ocrx_word' id='word_1_59' title='bbox 705 1407 829 1502; x_wconf 80' lang='grc' dir='ltr'><em>ἀρότου</em></span> <span class='ocrx_word' id='word_1_60' title='bbox 852 1409 1055 1480; x_wconf 80' lang='grc' dir='ltr'><em>διδάσκαλον</em></span> <span class='ocrx_word' id='word_1_61' title='bbox 1079 1414 1264 1502; x_wconf 82' lang='grc' dir='ltr'><em>γενομένην,</em></span> <span class='ocrx_word' id='word_1_62' title='bbox 1282 1420 1320 1480; x_wconf 93' lang='lat' dir='ltr'><strong>ut</strong></span> <span class='ocrx_word' id='word_1_63' title='bbox 1336 1411 1413 1496; x_wconf 90' lang='lat' dir='ltr'><strong>quid</strong></span> 
     </span>
     <span class='ocr_line' id='line_1_9' title="bbox 282 1512 1410 1598; baseline 0 -20"><span class='ocrx_word' id='word_1_64' title='bbox 282 1514 349 1580; x_wconf 90' lang='lat' dir='ltr'><strong>sibi</strong></span> <span class='ocrx_word' id='word_1_65' title='bbox 370 1514 507 1580; x_wconf 87' lang='lat' dir='ltr'><strong>voluerit</strong></span> <span class='ocrx_word' id='word_1_66' title='bbox 518 1514 706 1580; x_wconf 88' lang='lat' dir='ltr'><strong>Benselerus</strong></span> <span class='ocrx_word' id='word_1_67' title='bbox 727 1513 768 1579; x_wconf 90' lang='lat' dir='ltr'><strong>de</strong></span> <span class='ocrx_word' id='word_1_68' title='bbox 780 1514 872 1580; x_wconf 85' lang='lat' dir='ltr'><strong>hiatu</strong></span> <span class='ocrx_word' id='word_1_69' title='bbox 891 1534 922 1597; x_wconf 92' lang='lat' dir='ltr'><strong>p.</strong></span> <span class='ocrx_word' id='word_1_70' title='bbox 941 1521 1003 1582; x_wconf 81' lang='grc'><strong>190</strong></span> <span class='ocrx_word' id='word_1_71' title='bbox 1021 1537 1065 1598; x_wconf 87' lang='lat' dir='ltr'><strong>sq.</strong></span> <span class='ocrx_word' id='word_1_72' title='bbox 1088 1535 1211 1581; x_wconf 90' lang='lat' dir='ltr'><strong>murem</strong></span> <span class='ocrx_word' id='word_1_73' title='bbox 1225 1514 1277 1580; x_wconf 90' lang='lat' dir='ltr'><strong>hic</strong></span> <span class='ocrx_word' id='word_1_74' title='bbox 1296 1512 1410 1579; x_wconf 89' lang='lat' dir='ltr'><strong>substi-</strong></span> 
     </span>
     <span class='ocr_line' id='line_1_10' title="bbox 281 1617 1413 1704; baseline -0.002 -20"><span class='ocrx_word' id='word_1_75' title='bbox 281 1624 380 1684; x_wconf 89' lang='lat' dir='ltr'><strong>tuens</strong></span> <span class='ocrx_word' id='word_1_76' title='bbox 401 1619 506 1697; x_wconf 88' lang='lat' dir='ltr'><strong>asino,</strong></span> <span class='ocrx_word' id='word_1_77' title='bbox 524 1619 653 1685; x_wconf 91' lang='lat' dir='ltr'><strong>omnino</strong></span> <span class='ocrx_word' id='word_1_78' title='bbox 673 1639 739 1684; x_wconf 93' lang='lat' dir='ltr'><strong>non</strong></span> <span class='ocrx_word' id='word_1_79' title='bbox 760 1619 1001 1704; x_wconf 78' lang='lat' dir='ltr'><strong>excogitem.**)</strong></span> <span class='ocrx_word' id='word_1_80' title='bbox 1046 1617 1205 1683; x_wconf 85' lang='lat' dir='ltr'><strong>Nimirum</strong></span> <span class='ocrx_word' id='word_1_81' title='bbox 1225 1617 1310 1701; x_wconf 87' lang='lat' dir='ltr'><strong>quod</strong></span> <span class='ocrx_word' id='word_1_82' title='bbox 1330 1617 1413 1682; x_wconf 80' lang='lat' dir='ltr'><strong>dixit</strong></span> 
     </span>
     <span class='ocr_line' id='line_1_11' title="bbox 285 1717 1413 1805; baseline -0.003 -19"><span class='ocrx_word' id='word_1_83' title='bbox 285 1743 321 1786; x_wconf 89' lang='lat' dir='ltr'><strong>se</strong></span> <span class='ocrx_word' id='word_1_84' title='bbox 340 1742 445 1805; x_wconf 88' lang='lat' dir='ltr'><strong>neque</strong></span> <span class='ocrx_word' id='word_1_85' title='bbox 466 1721 604 1786; x_wconf 90' lang='lat' dir='ltr'><strong>colorem</strong></span> <span class='ocrx_word' id='word_1_86' title='bbox 617 1721 735 1802; x_wconf 88' lang='lat' dir='ltr'><strong>leporis</strong></span> <span class='ocrx_word' id='word_1_87' title='bbox 748 1742 851 1804; x_wconf 88' lang='lat' dir='ltr'><strong>neque</strong></span> <span class='ocrx_word' id='word_1_88' title='bbox 874 1720 1036 1786; x_wconf 89' lang='lat' dir='ltr'><strong>oculorum</strong></span> <span class='ocrx_word' id='word_1_89' title='bbox 1057 1719 1194 1784; x_wconf 90' lang='lat' dir='ltr'><strong>nitorem</strong></span> <span class='ocrx_word' id='word_1_90' title='bbox 1217 1739 1277 1784; x_wconf 88' lang='lat' dir='ltr'><strong>nec</strong></span> <span class='ocrx_word' id='word_1_91' title='bbox 1297 1717 1413 1783; x_wconf 88' lang='lat' dir='ltr'><strong>salsam</strong></span> 
     </span>
     <span class='ocr_line' id='line_1_12' title="bbox 284 1820 1411 1905; baseline -0.004 -17"><span class='ocrx_word' id='word_1_92' title='bbox 284 1828 435 1888; x_wconf 86' lang='lat' dir='ltr'><strong>naturam</strong></span> <span class='ocrx_word' id='word_1_93' title='bbox 456 1822 491 1886; x_wconf 92' lang='lat' dir='ltr'><strong>in</strong></span> <span class='ocrx_word' id='word_1_94' title='bbox 510 1822 608 1888; x_wconf 88' lang='lat' dir='ltr'><strong>asinis</strong></span> <span class='ocrx_word' id='word_1_95' title='bbox 628 1823 770 1905; x_wconf 87' lang='lat' dir='ltr'><strong>reperire</strong></span> <span class='ocrx_word' id='word_1_96' title='bbox 791 1822 939 1904; x_wconf 89' lang='lat' dir='ltr'><strong>potuisse,</strong></span> <span class='ocrx_word' id='word_1_97' title='bbox 954 1821 989 1886; x_wconf 93' lang='lat' dir='ltr'><strong>id</strong></span> <span class='ocrx_word' id='word_1_98' title='bbox 1010 1842 1105 1905; x_wconf 91' lang='lat' dir='ltr'><strong>quam</strong></span> <span class='ocrx_word' id='word_1_99' title='bbox 1126 1825 1246 1888; x_wconf 89' lang='lat' dir='ltr'><strong>temere</strong></span> <span class='ocrx_word' id='word_1_100' title='bbox 1257 1820 1411 1886; x_wconf 76' lang='lat' dir='ltr'><strong>iactatum</strong></span> 
     </span>
     <span class='ocr_line' id='line_1_13' title="bbox 284 1924 1411 2011; baseline -0.003 -20"><span class='ocrx_word' id='word_1_101' title='bbox 284 1929 381 2004; x_wconf 90' lang='lat' dir='ltr'><strong>esset,</strong></span> <span class='ocrx_word' id='word_1_102' title='bbox 418 1924 603 2010; x_wconf 83' lang='lat' dir='ltr'><strong>diligentior</strong></span> <span class='ocrx_word' id='word_1_103' title='bbox 633 1926 860 2011; x_wconf 74' lang='lat' dir='ltr'><strong>pervestigatio</strong></span> <span class='ocrx_word' id='word_1_104' title='bbox 892 1925 986 1992; x_wconf 87' lang='lat' dir='ltr'><strong>facile</strong></span> <span class='ocrx_word' id='word_1_105' title='bbox 1030 1926 1248 1992; x_wconf 86' lang='lat' dir='ltr'><strong>demonstrare</strong></span> <span class='ocrx_word' id='word_1_106' title='bbox 1277 1928 1411 2006; x_wconf 87' lang='lat' dir='ltr'><strong>poterat.</strong></span> 
     </span>
     <span class='ocr_line' id='line_1_14' title="bbox 284 2028 1411 2116; baseline -0.001 -21"><span class='ocrx_word' id='word_1_107' title='bbox 284 2031 369 2096; x_wconf 86' lang='lat' dir='ltr'><strong>Nam</strong></span> <span class='ocrx_word' id='word_1_108' title='bbox 401 2036 438 2096; x_wconf 92' lang='lat' dir='ltr'><strong>nt</strong></span> <span class='ocrx_word' id='word_1_109' title='bbox 466 2036 590 2097; x_wconf 87' lang='lat' dir='ltr'><strong>taceam</strong></span> <span class='ocrx_word' id='word_1_110' title='bbox 620 2031 726 2098; x_wconf 89' lang='lat' dir='ltr'><strong>oculos</strong></span> <span class='ocrx_word' id='word_1_111' title='bbox 756 2032 791 2098; x_wconf 88' lang='lat' dir='ltr'><strong>in</strong></span> <span class='ocrx_word' id='word_1_112' title='bbox 818 2037 953 2116; x_wconf 89' lang='lat' dir='ltr'><strong>utroque</strong></span> <span class='ocrx_word' id='word_1_113' title='bbox 975 2031 1105 2098; x_wconf 87' lang='lat' dir='ltr'><strong>animali</strong></span> <span class='ocrx_word' id='word_1_114' title='bbox 1133 2031 1289 2099; x_wconf 79' lang='lat' dir='ltr'><strong>consimili</strong></span> <span class='ocrx_word' id='word_1_115' title='bbox 1314 2028 1411 2095; x_wconf 91' lang='lat' dir='ltr'><strong>modo</strong></span> 
     </span>
     <span class='ocr_line' id='line_1_15' title="bbox 285 2137 1408 2236; baseline 0.001 -34"><span class='ocrx_word' id='word_1_116' title='bbox 285 2137 506 2216; x_wconf 76' lang='lat' dir='ltr'><strong>conformatos</strong></span> <span class='ocrx_word' id='word_1_117' title='bbox 526 2137 565 2202; x_wconf 93' lang='lat' dir='ltr'><strong>de</strong></span> <span class='ocrx_word' id='word_1_118' title='bbox 577 2138 703 2204; x_wconf 87' lang='lat' dir='ltr'><strong>asinino</strong></span> <span class='ocrx_word' id='word_1_119' title='bbox 725 2138 829 2204; x_wconf 89' lang='lat' dir='ltr'><strong>colore</strong></span> <span class='ocrx_word' id='word_1_120' title='bbox 848 2139 975 2236; x_wconf 78' lang='lat' dir='ltr'><strong>leporis,</strong></span> <span class='ocrx_word' id='word_1_121' title='bbox 998 2138 1215 2204; x_wconf 88' lang='lat' dir='ltr'><strong>cuniculorum</strong></span> <span class='ocrx_word' id='word_1_122' title='bbox 1235 2140 1320 2203; x_wconf 87' lang='lat' dir='ltr'><strong>certe</strong></span> <span class='ocrx_word' id='word_1_123' title='bbox 1340 2155 1408 2218; x_wconf 89' lang='lat' dir='ltr'><strong>spe·</strong></span> 
     </span>
     <span class='ocr_line' id='line_1_16' title="bbox 285 2241 1458 2327; baseline 0.006 -22"><span class='ocrx_word' id='word_1_124' title='bbox 285 2241 362 2318; x_wconf 89' lang='lat' dir='ltr'><strong>cici,</strong></span> <span class='ocrx_word' id='word_1_125' title='bbox 379 2241 448 2327; x_wconf 90' lang='lat' dir='ltr'><strong>·qui</strong></span> <span class='ocrx_word' id='word_1_126' title='bbox 468 2241 612 2307; x_wconf 87' lang='lat' dir='ltr'><strong>molliore</strong></span> <span class='ocrx_word' id='word_1_127' title='bbox 634 2246 709 2306; x_wconf 88' lang='lat' dir='ltr'><strong>sunt</strong></span> <span class='ocrx_word' id='word_1_128' title='bbox 728 2242 857 2325; x_wconf 81' lang='lat' dir='ltr'><strong>capillo,</strong></span> <span class='ocrx_word' id='word_1_129' title='bbox 878 2241 1010 2326; x_wconf 88' lang='lat' dir='ltr'><strong>perinde</strong></span> <span class='ocrx_word' id='word_1_130' title='bbox 1035 2246 1160 2307; x_wconf 84' lang='lat' dir='ltr'><strong>constat</strong></span> <span class='ocrx_word' id='word_1_131' title='bbox 1180 2248 1276 2325; x_wconf 83' lang='lat' dir='ltr'><strong>atque</strong></span> <span class='ocrx_word' id='word_1_132' title='bbox 1298 2241 1338 2306; x_wconf 92' lang='lat' dir='ltr'><strong>de</strong></span> <span class='ocrx_word' id='word_1_133' title='bbox 1360 2261 1408 2306; x_wconf 88' lang='lat' dir='ltr'><strong>sa·</strong></span> <span class='ocrx_word' id='word_1_134' title='bbox 1454 2303 1458 2312; x_wconf 93' lang='lat'>.</span> 
     </span>
     <span class='ocr_line' id='line_1_17' title="bbox 283 2339 1407 2429; baseline -0.001 -20"><span class='ocrx_word' id='word_1_135' title='bbox 283 2343 415 2409; x_wconf 80' lang='lat' dir='ltr'><strong>lenitate</strong></span> <span class='ocrx_word' id='word_1_136' title='bbox 437 2343 517 2420; x_wconf 88' lang='lat' dir='ltr'><strong>eius,</strong></span> <span class='ocrx_word' id='word_1_137' title='bbox 538 2342 621 2409; x_wconf 89' lang='lat' dir='ltr'><strong>undo</strong></span> <span class='ocrx_word' id='word_1_138' title='bbox 641 2339 767 2427; x_wconf 70' lang='grc' dir='ltr'><em>μύκλοξ</em></span> <span class='ocrx_word' id='word_1_139' title='bbox 787 2343 867 2411; x_wconf 85' lang='lat' dir='ltr'><strong>adeo</strong></span> <span class='ocrx_word' id='word_1_140' title='bbox 888 2344 1002 2429; x_wconf 88' lang='lat' dir='ltr'><strong>Pythio</strong></span> <span class='ocrx_word' id='word_1_141' title='bbox 1024 2344 1176 2409; x_wconf 87' lang='lat' dir='ltr'><strong>vocabulo</strong></span> <span class='ocrx_word' id='word_1_142' title='bbox 1202 2341 1288 2424; x_wconf 85' lang='lat' dir='ltr'><strong>apud</strong></span> <span class='ocrx_word' id='word_1_143' title='bbox 1308 2342 1407 2426; x_wconf 82' lang='lat' dir='ltr'><strong>Hesy-</strong></span> 
     </span>
     <span class='ocr_line' id='line_1_18' title="bbox 283 2443 1409 2530; baseline 0.001 -22"><span class='ocrx_word' id='word_1_144' title='bbox 283 2443 392 2508; x_wconf 89' lang='lat' dir='ltr'><strong>chinm</strong></span> <span class='ocrx_word' id='word_1_145' title='bbox 421 2443 660 2528; x_wconf 86' lang='lat' dir='ltr'><strong>cognominatus</strong></span> <span class='ocrx_word' id='word_1_146' title='bbox 690 2448 739 2509; x_wconf 89' lang='lat' dir='ltr'><strong>est</strong></span> <span class='ocrx_word' id='word_1_147' title='bbox 765 2445 913 2530; x_wconf 80' lang='lat' dir='ltr'><strong>(Iobeolr</strong></span> <span class='ocrx_word' id='word_1_148' title='bbox 936 2445 1090 2530; x_wconf 81' lang='lat' dir='ltr'><strong>Aglaoph.</strong></span> <span class='ocrx_word' id='word_1_149' title='bbox 1110 2466 1139 2529; x_wconf 87' lang='lat' dir='ltr'><strong>p.</strong></span> <span class='ocrx_word' id='word_1_150' title='bbox 1165 2447 1246 2528; x_wconf 85' lang='grc'>849)</span> <span class='ocrx_word' id='word_1_151' title='bbox 1269 2444 1409 2527; x_wconf 87' lang='lat' dir='ltr'><strong>itemque</strong></span> 
     </span>
     <span class='ocr_line' id='line_1_19' title="bbox 282 2548 1409 2633; baseline 0.001 -20"><span class='ocrx_word' id='word_1_152' title='bbox 282 2549 452 2614; x_wconf 81' lang='lat' dir='ltr'><strong>lasciviens</strong></span> <span class='ocrx_word' id='word_1_153' title='bbox 473 2549 541 2614; x_wconf 89' lang='lat' dir='ltr'><strong>eius</strong></span> <span class='ocrx_word' id='word_1_154' title='bbox 563 2548 702 2633; x_wconf 86' lang='lat' dir='ltr'><strong>genitale</strong></span> <span class='ocrx_word' id='word_1_155' title='bbox 724 2550 842 2616; x_wconf 90' lang='lat' dir='ltr'><strong>coitum</strong></span> <span class='ocrx_word' id='word_1_156' title='bbox 857 2551 1020 2616; x_wconf 87' lang='lat' dir='ltr'><strong>stimulare</strong></span> <span class='ocrx_word' id='word_1_157' title='bbox 1036 2549 1192 2616; x_wconf 88' lang='lat' dir='ltr'><strong>creditum</strong></span> <span class='ocrx_word' id='word_1_158' title='bbox 1207 2548 1302 2616; x_wconf 86' lang='lat' dir='ltr'><strong>luisse</strong></span> <span class='ocrx_word' id='word_1_159' title='bbox 1317 2550 1409 2616; x_wconf 88' lang='lat' dir='ltr'><strong>testis</strong></span> 
     </span>
     <span class='ocr_line' id='line_1_20' title="bbox 282 2652 1408 2734; baseline 0 -14"><span class='ocrx_word' id='word_1_160' title='bbox 282 2660 332 2720; x_wconf 90' lang='lat' dir='ltr'><strong>est</strong></span> <span class='ocrx_word' id='word_1_161' title='bbox 352 2653 474 2719; x_wconf 89' lang='lat' dir='ltr'><strong>Plinius</strong></span> <span class='ocrx_word' id='word_1_162' title='bbox 500 2654 530 2718; x_wconf 91' lang='lat' dir='ltr'><strong>h.</strong></span> <span class='ocrx_word' id='word_1_163' title='bbox 550 2676 580 2718; x_wconf 92' lang='lat' dir='ltr'><strong>n.</strong></span> <span class='ocrx_word' id='word_1_164' title='bbox 602 2652 759 2733; x_wconf 87' lang='lat' dir='ltr'>XXVIII,</span> <span class='ocrx_word' id='word_1_165' title='bbox 786 2660 840 2734; x_wconf 90' lang='grc'><strong>19,</strong></span> <span class='ocrx_word' id='word_1_166' title='bbox 862 2661 933 2722; x_wconf 81' lang='grc'>261.</span> <span class='ocrx_word' id='word_1_167' title='bbox 979 2655 1099 2722; x_wconf 90' lang='lat' dir='ltr'><strong>Verum</strong></span> <span class='ocrx_word' id='word_1_168' title='bbox 1128 2656 1207 2720; x_wconf 87' lang='lat' dir='ltr'><strong>haec</strong></span> <span class='ocrx_word' id='word_1_169' title='bbox 1226 2653 1408 2720; x_wconf 75' lang='lat' dir='ltr'><strong>adsumtum</strong></span> 
     </span>
     <span class='ocr_line' id='line_1_21' title="bbox 282 2758 1410 2845; baseline 0 -21"><span class='ocrx_word' id='word_1_170' title='bbox 282 2781 368 2827; x_wconf 91' lang='lat' dir='ltr'><strong>nunc</strong></span> <span class='ocrx_word' id='word_1_171' title='bbox 383 2758 546 2845; x_wconf 85' lang='lat' dir='ltr'><strong>exagitare</strong></span> <span class='ocrx_word' id='word_1_172' title='bbox 567 2758 697 2845; x_wconf 90' lang='lat' dir='ltr'><strong>longum</strong></span> <span class='ocrx_word' id='word_1_173' title='bbox 710 2764 767 2840; x_wconf 75' lang='lat' dir='ltr'><strong>est</strong></span> <span class='ocrx_word' id='word_1_174' title='bbox 787 2781 860 2827; x_wconf 93' lang='lat' dir='ltr'><strong>cum</strong></span> <span class='ocrx_word' id='word_1_175' title='bbox 875 2759 1066 2843; x_wconf 88' lang='lat' dir='ltr'><strong>praesertim</strong></span> <span class='ocrx_word' id='word_1_176' title='bbox 1078 2758 1314 2837; x_wconf 78' lang='lat' dir='ltr'><strong>consectarium,</strong></span> <span class='ocrx_word' id='word_1_177' title='bbox 1333 2758 1410 2826; x_wconf 89' lang='lat' dir='ltr'><strong>licet</strong></span> 
     </span>
    </p>
   </div>
   <div class='ocr_carea' id='block_1_3' title="bbox 280 2859 1408 3589">
    <p class='ocr_par' dir='ltr' id='par_1_3' title="bbox 280 2859 1408 3589">
     <span class='ocr_line' id='line_1_22' title="bbox 280 2859 1405 2948; baseline -0.001 -19"><span class='ocrx_word' id='word_1_178' title='bbox 280 2866 386 2948; x_wconf 92' lang='lat' dir='ltr'><strong>ipsum</strong></span> <span class='ocrx_word' id='word_1_179' title='bbox 406 2864 520 2929; x_wconf 88' lang='lat' dir='ltr'><strong>leviter</strong></span> <span class='ocrx_word' id='word_1_180' title='bbox 541 2868 740 2946; x_wconf 86' lang='lat' dir='ltr'><strong>corruptum,</strong></span> <span class='ocrx_word' id='word_1_181' title='bbox 769 2859 855 2930; x_wconf 77' lang='grc' dir='ltr'><em>ὥστε</em></span> <span class='ocrx_word' id='word_1_182' title='bbox 882 2863 985 2948; x_wconf 77' lang='grc' dir='ltr'><em>μηδὲν</em></span> <span class='ocrx_word' id='word_1_183' title='bbox 1018 2861 1103 2927; x_wconf 73' lang='grc' dir='ltr'><em>οὕτω</em></span> <span class='ocrx_word' id='word_1_184' title='bbox 1126 2863 1211 2947; x_wconf 72' lang='grc' dir='ltr'><strong>μηδὲ</strong></span> <span class='ocrx_word' id='word_1_185' title='bbox 1232 2861 1330 2946; x_wconf 91' lang='lat' dir='ltr'><strong>(quod</strong></span> <span class='ocrx_word' id='word_1_186' title='bbox 1352 2862 1405 2928; x_wconf 88' lang='lat' dir='ltr'><strong>de-</strong></span> 
     </span>
     <span class='ocr_line' id='line_1_23' title="bbox 280 2962 1408 3053; baseline -0.003 -19"><span class='ocrx_word' id='word_1_187' title='bbox 280 2969 412 3035; x_wconf 92' lang='lat' dir='ltr'><strong>lendum</strong></span> <span class='ocrx_word' id='word_1_188' title='bbox 431 2967 570 3046; x_wconf 76' lang='lat' dir='ltr'><strong>videtu,</strong></span> <span class='ocrx_word' id='word_1_189' title='bbox 590 2968 653 3033; x_wconf 90' lang='lat' dir='ltr'><strong>nisi</strong></span> <span class='ocrx_word' id='word_1_190' title='bbox 673 2969 791 3053; x_wconf 86' lang='lat' dir='ltr'><strong>corrigi</strong></span> <span class='ocrx_word' id='word_1_191' title='bbox 809 2973 954 3051; x_wconf 85' lang='lat' dir='ltr'><strong>praestat</strong></span> <span class='ocrx_word' id='word_1_192' title='bbox 980 2962 1066 3032; x_wconf 78' lang='grc' dir='ltr'><em>ὥστε</em></span> <span class='ocrx_word' id='word_1_193' title='bbox 1088 2965 1173 3053; x_wconf 79' lang='grc' dir='ltr'><em>μηδὲ</em></span> <span class='ocrx_word' id='word_1_194' title='bbox 1196 2963 1282 3031; x_wconf 78' lang='grc' dir='ltr'><em>οὕτω</em></span> <span class='ocrx_word' id='word_1_195' title='bbox 1305 2966 1408 3052; x_wconf 76' lang='grc' dir='ltr'><em>μηδὲν</em></span> 
     </span>
     <span class='ocr_line' id='line_1_24' title="bbox 280 3068 1404 3161; baseline -0.002 -22"><span class='ocrx_word' id='word_1_196' title='bbox 280 3073 365 3154; x_wconf 79' lang='grc' dir='ltr'><em>κτλ.)</em></span> <span class='ocrx_word' id='word_1_197' title='bbox 387 3071 506 3161; x_wconf 80' lang='grc' dir='ltr'><em>μικρὸν</em></span> <span class='ocrx_word' id='word_1_198' title='bbox 527 3070 660 3160; x_wconf 79' lang='grc' dir='ltr'><em>μεγάλῳ</em></span> <span class='ocrx_word' id='word_1_199' title='bbox 682 3072 740 3159; x_wconf 74' lang='grc' dir='ltr'><strong>τὴν</strong></span> <span class='ocrx_word' id='word_1_200' title='bbox 761 3070 897 3161; x_wconf 76' lang='grc' dir='ltr'><em>μορφὴν</em></span> <span class='ocrx_word' id='word_1_201' title='bbox 919 3068 1039 3157; x_wconf 78' lang='grc' dir='ltr'><em>ὅμοιον</em></span> <span class='ocrx_word' id='word_1_202' title='bbox 1062 3070 1233 3158; x_wconf 82' lang='grc' dir='ltr'><em>γεγονέναι</em></span> <span class='ocrx_word' id='word_1_203' title='bbox 1253 3071 1317 3137; x_wconf 79' lang='lat' dir='ltr'><strong>dici</strong></span> <span class='ocrx_word' id='word_1_204' title='bbox 1340 3094 1404 3137; x_wconf 91' lang='lat' dir='ltr'><strong>non</strong></span> 
     </span>
     <span class='ocr_line' id='line_1_25' title="bbox 281 3175 1408 3263; baseline -0.002 -20"><span class='ocrx_word' id='word_1_205' title='bbox 281 3180 423 3263; x_wconf 88' lang='lat' dir='ltr'><strong>potuisse</strong></span> <span class='ocrx_word' id='word_1_206' title='bbox 444 3177 484 3244; x_wconf 88' lang='lat' dir='ltr'><strong>de</strong></span> <span class='ocrx_word' id='word_1_207' title='bbox 505 3200 594 3245; x_wconf 87' lang='lat' dir='ltr'><strong>mure</strong></span> <span class='ocrx_word' id='word_1_208' title='bbox 616 3182 650 3243; x_wconf 90' lang='lat' dir='ltr'><strong>et</strong></span> <span class='ocrx_word' id='word_1_209' title='bbox 668 3177 777 3261; x_wconf 88' lang='lat' dir='ltr'><strong>lepore</strong></span> <span class='ocrx_word' id='word_1_210' title='bbox 799 3176 1086 3259; x_wconf 83' lang='lat' dir='ltr'><strong>exploratissimum</strong></span> <span class='ocrx_word' id='word_1_211' title='bbox 1107 3176 1157 3241; x_wconf 87' lang='lat' dir='ltr'><strong>sit</strong></span> <span class='ocrx_word' id='word_1_212' title='bbox 1191 3175 1302 3259; x_wconf 87' lang='lat' dir='ltr'><strong>Neque</strong></span> <span class='ocrx_word' id='word_1_213' title='bbox 1323 3175 1408 3261; x_wconf 89' lang='lat' dir='ltr'><strong>quod</strong></span> 
     </span>
     <span class='ocr_line' id='line_1_26' title="bbox 281 3277 1408 3367; baseline -0.008 -20"><span class='ocrx_word' id='word_1_214' title='bbox 281 3282 470 3349; x_wconf 85' lang='lat' dir='ltr'><strong>Benselerns</strong></span> <span class='ocrx_word' id='word_1_215' title='bbox 484 3281 519 3346; x_wconf 90' lang='lat' dir='ltr'><strong>in</strong></span> <span class='ocrx_word' id='word_1_216' title='bbox 533 3281 687 3363; x_wconf 86' lang='lat' dir='ltr'><strong>proximis</strong></span> <span class='ocrx_word' id='word_1_217' title='bbox 705 3281 740 3345; x_wconf 92' lang='lat' dir='ltr'><strong>in</strong></span> <span class='ocrx_word' id='word_1_218' title='bbox 755 3280 824 3347; x_wconf 93' lang='lat' dir='ltr'><strong>loco</strong></span> <span class='ocrx_word' id='word_1_219' title='bbox 845 3281 981 3363; x_wconf 89' lang='lat' dir='ltr'><strong>pessime</strong></span> <span class='ocrx_word' id='word_1_220' title='bbox 996 3281 1107 3346; x_wconf 86' lang='lat' dir='ltr'><strong>vitiato</strong></span> <span class='ocrx_word' id='word_1_221' title='bbox 1130 3277 1147 3342; x_wconf 82' lang='grc' dir='ltr'>ὁ</span> <span class='ocrx_word' id='word_1_222' title='bbox 1172 3277 1247 3367; x_wconf 78' lang='grc' dir='ltr'><strong>γὰρ</strong></span> <span class='ocrx_word' id='word_1_223' title='bbox 1270 3279 1408 3365; x_wconf 75' lang='grc' dir='ltr'><em>λαγώς</em></span> 
     </span>
     <span class='ocr_line' id='line_1_27' title="bbox 280 3377 1404 3472; baseline -0.003 -21"><span class='ocrx_word' id='word_1_224' title='bbox 280 3386 494 3472; x_wconf 71' lang='grc' dir='ltr'><em>μεγέθους</em></span> <span class='ocrx_word' id='word_1_225' title='bbox 509 3381 621 3451; x_wconf 71' lang='grc' dir='ltr'><em>ἔοικε</em></span> <span class='ocrx_word' id='word_1_226' title='bbox 637 3382 871 3466; x_wconf 82' lang='grc' dir='ltr'><em>καὶτάχονς</em></span> <span class='ocrx_word' id='word_1_227' title='bbox 888 3384 929 3451; x_wconf 81' lang='grc' dir='ltr'><strong>ἐν</strong></span> <span class='ocrx_word' id='word_1_228' title='bbox 946 3387 1109 3463; x_wconf 81' lang='grc' dir='ltr'><em>δεινοῖς</em></span> <span class='ocrx_word' id='word_1_229' title='bbox 1125 3377 1238 3450; x_wconf 80' lang='grc' dir='ltr'><em>εἶναι</em></span> <span class='ocrx_word' id='word_1_230' title='bbox 1256 3384 1342 3469; x_wconf 78' lang='lat' dir='ltr'><strong>(sict)</strong></span> <span class='ocrx_word' id='word_1_231' title='bbox 1357 3385 1404 3449; x_wconf 93' lang='lat' dir='ltr'><strong>lu-</strong></span> 
     </span>
     <span class='ocr_line' id='line_1_28' title="bbox 280 3481 1408 3589; baseline -0.003 -35"><span class='ocrx_word' id='word_1_232' title='bbox 280 3489 379 3556; x_wconf 87' lang='lat' dir='ltr'><strong>debat</strong></span> <span class='ocrx_word' id='word_1_233' title='bbox 393 3484 412 3552; x_wconf 82' lang='lat'><strong>‹‘›</strong></span> <span class='ocrx_word' id='word_1_234' title='bbox 428 3488 491 3577; x_wconf 82' lang='grc' dir='ltr'><strong>γὰρ</strong></span> <span class='ocrx_word' id='word_1_235' title='bbox 507 3486 636 3571; x_wconf 62' lang='lat' dir='ltr'><strong>laycos</strong></span> <span class='ocrx_word' id='word_1_236' title='bbox 656 3490 823 3573; x_wconf 73' lang='grc' dir='ltr'><em>μεγέθους</em></span> <span class='ocrx_word' id='word_1_237' title='bbox 843 3483 933 3553; x_wconf 78' lang='grc' dir='ltr'><em>ἔοικε</em></span> <span class='ocrx_word' id='word_1_238' title='bbox 955 3487 1011 3553; x_wconf 84' lang='grc' dir='ltr'><strong>καὶ</strong></span> <span class='ocrx_word' id='word_1_239' title='bbox 1025 3484 1143 3568; x_wconf 80' lang='grc' dir='ltr'><em>τάχους</em></span> <span class='ocrx_word' id='word_1_240' title='bbox 1165 3484 1205 3551; x_wconf 82' lang='grc' dir='ltr'><strong>ἐν</strong></span> <span class='ocrx_word' id='word_1_241' title='bbox 1223 3481 1408 3589; x_wconf 65' lang='grc' dir='ltr'><em>ἐκείνοις</em></span> 
     </span>
    </p>
   </div>
   <div class='ocr_carea' id='block_1_4' title="bbox 283 3680 493 3692">
    <p class='ocr_par' dir='ltr' id='par_1_4' title="bbox 283 3680 493 3692">
     <span class='ocr_line' id='line_1_29' title="bbox 283 3680 493 3692; baseline -0.014 0"><span class='ocrx_word' id='word_1_242' title='bbox 283 3680 493 3692; x_wconf 74' lang='lat'><strong>--—</strong></span> 
     </span>
    </p>
   </div>
   <div class='ocr_carea' id='block_1_5' title="bbox 276 3769 1407 4812">
    <p class='ocr_par' dir='ltr' id='par_1_5' title="bbox 276 3769 1407 4541">
     <span class='ocr_line' id='line_1_30' title="bbox 348 3769 1407 3838; baseline -0.005 -14"><span class='ocrx_word' id='word_1_243' title='bbox 348 3771 448 3838; x_wconf 78' lang='grc' dir='ltr'><strong>*)01τ.</strong></span> <span class='ocrx_word' id='word_1_244' title='bbox 471 3771 576 3837; x_wconf 86' lang='lat' dir='ltr'><strong>loseph.</strong></span> <span class='ocrx_word' id='word_1_245' title='bbox 602 3786 624 3823; x_wconf 88' lang='lat' dir='ltr'><strong>c.</strong></span> <span class='ocrx_word' id='word_1_246' title='bbox 645 3772 737 3837; x_wconf 76' lang='lat' dir='ltr'><strong>Apion.</strong></span> <span class='ocrx_word' id='word_1_247' title='bbox 758 3770 795 3834; x_wconf 86' lang='lat' dir='ltr'><strong>lt,</strong></span> <span class='ocrx_word' id='word_1_248' title='bbox 816 3772 846 3834; x_wconf 78' lang='lat'><strong>7,</strong></span> <span class='ocrx_word' id='word_1_249' title='bbox 865 3772 881 3821; x_wconf 89' lang='grc'>9</span> <span class='ocrx_word' id='word_1_250' title='bbox 900 3776 926 3821; x_wconf 88' lang='lat' dir='ltr'><strong>et</strong></span> <span class='ocrx_word' id='word_1_251' title='bbox 951 3785 1018 3835; x_wconf 85' lang='lat' dir='ltr'><strong>qnae</strong></span> <span class='ocrx_word' id='word_1_252' title='bbox 1042 3774 1175 3836; x_wconf 78' lang='lat' dir='ltr'><strong>praeterea</strong></span> <span class='ocrx_word' id='word_1_253' title='bbox 1193 3769 1308 3835; x_wconf 82' lang='lat' dir='ltr'><strong>conlegit</strong></span> <span class='ocrx_word' id='word_1_254' title='bbox 1330 3770 1407 3821; x_wconf 82' lang='lat' dir='ltr'><strong>docta</strong></span> 
     </span>
     <span class='ocr_line' id='line_1_31' title="bbox 278 3859 1406 3932; baseline -0.004 -16"><span class='ocrx_word' id='word_1_255' title='bbox 278 3864 414 3932; x_wconf 84' lang='lat' dir='ltr'><strong>diligentia</strong></span> <span class='ocrx_word' id='word_1_256' title='bbox 431 3862 530 3913; x_wconf 88' lang='lat' dir='ltr'><strong>Wineri</strong></span> <span class='ocrx_word' id='word_1_257' title='bbox 548 3864 575 3913; x_wconf 88' lang='lat' dir='ltr'><strong>in</strong></span> <span class='ocrx_word' id='word_1_258' title='bbox 593 3861 661 3915; x_wconf 86' lang='lat' dir='ltr'><strong>Bibl.</strong></span> <span class='ocrx_word' id='word_1_259' title='bbox 680 3861 752 3913; x_wconf 83' lang='lat' dir='ltr'><strong>Rcel.</strong></span> <span class='ocrx_word' id='word_1_260' title='bbox 773 3860 835 3914; x_wconf 83' lang='lat' dir='ltr'><strong>Lex.</strong></span> <span class='ocrx_word' id='word_1_261' title='bbox 854 3866 880 3912; x_wconf 90' lang='lat' dir='ltr'><strong>et</strong></span> <span class='ocrx_word' id='word_1_262' title='bbox 899 3860 1004 3913; x_wconf 85' lang='lat' dir='ltr'><strong>Movers</strong></span> <span class='ocrx_word' id='word_1_263' title='bbox 1021 3860 1124 3915; x_wconf 87' lang='lat' dir='ltr'><strong>Phoen.</strong></span> <span class='ocrx_word' id='word_1_264' title='bbox 1143 3859 1164 3926; x_wconf 91' lang='lat' dir='ltr'><strong>l,</strong></span> <span class='ocrx_word' id='word_1_265' title='bbox 1182 3860 1241 3912; x_wconf 82' lang='grc'>297.</span> <span class='ocrx_word' id='word_1_266' title='bbox 1279 3860 1307 3912; x_wconf 86' lang='lat' dir='ltr'><strong>In</strong></span> <span class='ocrx_word' id='word_1_267' title='bbox 1323 3866 1406 3912; x_wconf 85' lang='lat' dir='ltr'><strong>trans-</strong></span> 
     </span>
     <span class='ocr_line' id='line_1_32' title="bbox 279 3954 1404 4023; baseline -0.004 -14"><span class='ocrx_word' id='word_1_268' title='bbox 279 3974 360 4009; x_wconf 86' lang='lat' dir='ltr'><strong>cursu</strong></span> <span class='ocrx_word' id='word_1_269' title='bbox 386 3971 483 4007; x_wconf 86' lang='lat' dir='ltr'><strong>moneo</strong></span> <span class='ocrx_word' id='word_1_270' title='bbox 510 3956 544 4005; x_wconf 86' lang='lat' dir='ltr'><strong>de</strong></span> <span class='ocrx_word' id='word_1_271' title='bbox 565 3954 698 4005; x_wconf 87' lang='lat' dir='ltr'><strong>asinorum</strong></span> <span class='ocrx_word' id='word_1_272' title='bbox 715 3954 742 4005; x_wconf 90' lang='lat' dir='ltr'><strong>in</strong></span> <span class='ocrx_word' id='word_1_273' title='bbox 763 3954 854 4007; x_wconf 87' lang='lat' dir='ltr'><strong>ritibus</strong></span> <span class='ocrx_word' id='word_1_274' title='bbox 878 3954 997 4023; x_wconf 81' lang='lat' dir='ltr'><strong>mysticis</strong></span> <span class='ocrx_word' id='word_1_275' title='bbox 1015 3970 1065 4007; x_wconf 85' lang='lat' dir='ltr'><strong>usu</strong></span> <span class='ocrx_word' id='word_1_276' title='bbox 1092 3956 1203 4006; x_wconf 80' lang='lat' dir='ltr'><strong>conferri</strong></span> <span class='ocrx_word' id='word_1_277' title='bbox 1228 3970 1310 4020; x_wconf 87' lang='lat' dir='ltr'><strong>posse</strong></span> <span class='ocrx_word' id='word_1_278' title='bbox 1328 3956 1404 4005; x_wconf 75' lang='lat' dir='ltr'><strong>etiem</strong></span> 
     </span>
     <span class='ocr_line' id='line_1_33' title="bbox 278 4036 1407 4104; baseline -0.002 -13"><span class='ocrx_word' id='word_1_279' title='bbox 278 4041 447 4091; x_wconf 74' lang='lat' dir='ltr'><strong>AmmIanum</strong></span> <span class='ocrx_word' id='word_1_280' title='bbox 477 4036 591 4089; x_wconf 84' lang='lat' dir='ltr'><strong>Marcell.</strong></span> <span class='ocrx_word' id='word_1_281' title='bbox 619 4036 704 4099; x_wconf 85' lang='lat' dir='ltr'>XXII,</span> <span class='ocrx_word' id='word_1_282' title='bbox 733 4039 748 4088; x_wconf 83' lang='lat'><strong>5</strong></span> <span class='ocrx_word' id='word_1_283' title='bbox 775 4053 800 4104; x_wconf 88' lang='lat' dir='ltr'><strong>p.</strong></span> <span class='ocrx_word' id='word_1_284' title='bbox 826 4038 877 4089; x_wconf 80' lang='lat'><strong>228</strong></span> <span class='ocrx_word' id='word_1_285' title='bbox 908 4038 980 4103; x_wconf 77' lang='lat' dir='ltr'><strong>sip,</strong></span> <span class='ocrx_word' id='word_1_286' title='bbox 1012 4039 1056 4103; x_wconf 88' lang='lat' dir='ltr'><strong>qui</strong></span> <span class='ocrx_word' id='word_1_287' title='bbox 1092 4038 1168 4090; x_wconf 87' lang='lat' dir='ltr'><strong>locus</strong></span> <span class='ocrx_word' id='word_1_288' title='bbox 1198 4039 1309 4089; x_wconf 81' lang='lat' dir='ltr'><strong>fortasse</strong></span> <span class='ocrx_word' id='word_1_289' title='bbox 1340 4037 1407 4102; x_wconf 79' lang='lat' dir='ltr'><strong>sugit</strong></span> 
     </span>
     <span class='ocr_line' id='line_1_34' title="bbox 277 4124 1407 4193; baseline -0.004 -14"><span class='ocrx_word' id='word_1_290' title='bbox 277 4128 315 4181; x_wconf 83' lang='grc' dir='ltr'><strong>Μ.</strong></span> <span class='ocrx_word' id='word_1_291' title='bbox 330 4126 473 4193; x_wconf 84' lang='lat' dir='ltr'><strong>Ileuptlurn</strong></span> <span class='ocrx_word' id='word_1_292' title='bbox 493 4126 521 4177; x_wconf 89' lang='lat' dir='ltr'><strong>ic</strong></span> <span class='ocrx_word' id='word_1_293' title='bbox 538 4124 627 4177; x_wconf 86' lang='lat' dir='ltr'><strong>indice</strong></span> <span class='ocrx_word' id='word_1_294' title='bbox 643 4124 715 4178; x_wconf 87' lang='lat' dir='ltr'><strong>Lect.</strong></span> <span class='ocrx_word' id='word_1_295' title='bbox 733 4125 809 4179; x_wconf 76' lang='lat' dir='ltr'><strong>Unio.</strong></span> <span class='ocrx_word' id='word_1_296' title='bbox 830 4124 899 4179; x_wconf 78' lang='lat' dir='ltr'><strong>Irid.</strong></span> <span class='ocrx_word' id='word_1_297' title='bbox 923 4125 989 4181; x_wconf 89' lang='lat' dir='ltr'><strong>Guil.</strong></span> <span class='ocrx_word' id='word_1_298' title='bbox 1011 4128 1086 4192; x_wconf 86' lang='grc'>1863,</span> <span class='ocrx_word' id='word_1_299' title='bbox 1104 4126 1150 4180; x_wconf 88' lang='lat' dir='ltr'><strong>ubl</strong></span> <span class='ocrx_word' id='word_1_300' title='bbox 1169 4127 1203 4176; x_wconf 88' lang='lat' dir='ltr'><strong>de</strong></span> <span class='ocrx_word' id='word_1_301' title='bbox 1221 4124 1407 4190; x_wconf 85' lang='lat' dir='ltr'><strong>superstitione</strong></span> 
     </span>
     <span class='ocr_line' id='line_1_35' title="bbox 278 4210 1407 4277; baseline -0.002 -13"><span class='ocrx_word' id='word_1_302' title='bbox 278 4218 407 4275; x_wconf 85' lang='lat' dir='ltr'><strong>veterum,</strong></span> <span class='ocrx_word' id='word_1_303' title='bbox 427 4211 593 4276; x_wconf 76' lang='lat' dir='ltr'><strong>quaestuum</strong></span> <span class='ocrx_word' id='word_1_304' title='bbox 611 4210 746 4264; x_wconf 87' lang='lat' dir='ltr'><strong>rudentem</strong></span> <span class='ocrx_word' id='word_1_305' title='bbox 760 4213 911 4265; x_wconf 86' lang='lat' dir='ltr'><strong>ominosum</strong></span> <span class='ocrx_word' id='word_1_306' title='bbox 925 4214 1077 4277; x_wconf 81' lang='lat' dir='ltr'><strong>credebant,</strong></span> <span class='ocrx_word' id='word_1_307' title='bbox 1100 4212 1241 4265; x_wconf 80' lang='lat' dir='ltr'><strong>adnotavit.</strong></span> <span class='ocrx_word' id='word_1_308' title='bbox 1267 4210 1304 4262; x_wconf 82' lang='lat' dir='ltr'><strong>De</strong></span> <span class='ocrx_word' id='word_1_309' title='bbox 1316 4210 1407 4276; x_wconf 85' lang='lat' dir='ltr'><strong>lepore</strong></span> 
     </span>
     <span class='ocr_line' id='line_1_36' title="bbox 276 4298 1404 4372; baseline -0.003 -19"><span class='ocrx_word' id='word_1_310' title='bbox 276 4302 384 4355; x_wconf 87' lang='lat' dir='ltr'><strong>ludaeis</strong></span> <span class='ocrx_word' id='word_1_311' title='bbox 409 4300 548 4353; x_wconf 83' lang='lat' dir='ltr'><strong>interdicto</strong></span> <span class='ocrx_word' id='word_1_312' title='bbox 573 4300 725 4354; x_wconf 81' lang='lat' dir='ltr'><strong>EustalbIns</strong></span> <span class='ocrx_word' id='word_1_313' title='bbox 752 4303 785 4353; x_wconf 83' lang='lat' dir='ltr'><strong>ad</strong></span> <span class='ocrx_word' id='word_1_314' title='bbox 809 4303 888 4372; x_wconf 76' lang='lat' dir='ltr'><strong>stylit</strong></span> <span class='ocrx_word' id='word_1_315' title='bbox 913 4303 1095 4356; x_wconf 87' lang='lat' dir='ltr'><strong>Thessalonlc.</strong></span> <span class='ocrx_word' id='word_1_316' title='bbox 1121 4317 1147 4368; x_wconf 93' lang='lat' dir='ltr'><strong>p.</strong></span> <span class='ocrx_word' id='word_1_317' title='bbox 1168 4302 1233 4365; x_wconf 82' lang='grc'>192,</span> <span class='ocrx_word' id='word_1_318' title='bbox 1252 4300 1283 4351; x_wconf 88' lang='grc'><strong>41</strong></span> <span class='ocrx_word' id='word_1_319' title='bbox 1310 4298 1404 4365; x_wconf 84' lang='lat' dir='ltr'><strong>(Talel)</strong></span> 
     </span>
     <span class='ocr_line' id='line_1_37' title="bbox 276 4379 1405 4458; baseline -0.002 -19"><span class='ocrx_word' id='word_1_320' title='bbox 276 4388 404 4455; x_wconf 83' lang='lat' dir='ltr'><strong>praecipit</strong></span> <span class='ocrx_word' id='word_1_321' title='bbox 423 4380 473 4453; x_wconf 80' lang='grc' dir='ltr'><strong>τήν</strong></span> <span class='ocrx_word' id='word_1_322' title='bbox 491 4403 519 4439; x_wconf 90' lang='grc' dir='ltr'><strong>τε</strong></span> <span class='ocrx_word' id='word_1_323' title='bbox 537 4381 698 4455; x_wconf 75' lang='grc' dir='ltr'><em>ἀδιάφορον</em></span> <span class='ocrx_word' id='word_1_324' title='bbox 715 4388 892 4456; x_wconf 77' lang='grc' dir='ltr'><em>λαγνείαν</em></span> <span class='ocrx_word' id='word_1_325' title='bbox 914 4383 1050 4458; x_wconf 79' lang='grc' dir='ltr'><strong>φεύγειν,</strong></span> <span class='ocrx_word' id='word_1_326' title='bbox 1068 4382 1086 4453; x_wconf 81' lang='grc' dir='ltr'><em>ἦ</em></span> <span class='ocrx_word' id='word_1_327' title='bbox 1105 4404 1143 4445; x_wconf 83' lang='grc' dir='ltr'><strong>τις</strong></span> <span class='ocrx_word' id='word_1_328' title='bbox 1160 4386 1197 4451; x_wconf 79' lang='grc' dir='ltr'><strong>τῷ</strong></span> <span class='ocrx_word' id='word_1_329' title='bbox 1214 4379 1329 4453; x_wconf 79' lang='grc' dir='ltr'><em>τοιούτῳ</em></span> <span class='ocrx_word' id='word_1_330' title='bbox 1347 4380 1405 4453; x_wconf 83' lang='grc' dir='ltr'><strong>ζῴῳ</strong></span> 
     </span>
     <span class='ocr_line' id='line_1_38' title="bbox 279 4472 1149 4541; baseline 0 -16"><span class='ocrx_word' id='word_1_331' title='bbox 279 4478 382 4540; x_wconf 74' lang='grc' dir='ltr'><em>βαθεῖα</em></span> <span class='ocrx_word' id='word_1_332' title='bbox 400 4472 528 4541; x_wconf 75' lang='grc' dir='ltr'><em>ἔγκειται,</em></span> <span class='ocrx_word' id='word_1_333' title='bbox 548 4487 615 4539; x_wconf 87' lang='lat' dir='ltr'><strong>quac</strong></span> <span class='ocrx_word' id='word_1_334' title='bbox 631 4472 703 4525; x_wconf 86' lang='lat' dir='ltr'><strong>nude</strong></span> <span class='ocrx_word' id='word_1_335' title='bbox 718 4477 893 4540; x_wconf 84' lang='lat' dir='ltr'><strong>provenerint,</strong></span> <span class='ocrx_word' id='word_1_336' title='bbox 913 4475 1058 4527; x_wconf 83' lang='lat' dir='ltr'><strong>diiudicare</strong></span> <span class='ocrx_word' id='word_1_337' title='bbox 1079 4472 1149 4525; x_wconf 87' lang='lat' dir='ltr'><strong>nolo.</strong></span> 
     </span>
    </p>

    <p class='ocr_par' dir='ltr' id='par_1_6' title="bbox 278 4559 1406 4812">
     <span class='ocr_line' id='line_1_39' title="bbox 348 4559 1404 4647; baseline 0.002 -35"><span class='ocrx_word' id='word_1_338' title='bbox 348 4559 393 4627; x_wconf 76' lang='lat'><strong>**)</strong></span> <span class='ocrx_word' id='word_1_339' title='bbox 415 4560 550 4628; x_wconf 79' lang='lat' dir='ltr'><strong>Per-spexit</strong></span> <span class='ocrx_word' id='word_1_340' title='bbox 572 4562 625 4614; x_wconf 87' lang='lat' dir='ltr'><strong>hoc</strong></span> <span class='ocrx_word' id='word_1_341' title='bbox 650 4564 729 4615; x_wconf 85' lang='lat' dir='ltr'><strong>etiam</strong></span> <span class='ocrx_word' id='word_1_342' title='bbox 747 4563 777 4617; x_wconf 89' lang='lat' dir='ltr'><strong>R.</strong></span> <span class='ocrx_word' id='word_1_343' title='bbox 796 4563 899 4616; x_wconf 81' lang='lat' dir='ltr'><strong>Franks</strong></span> <span class='ocrx_word' id='word_1_344' title='bbox 920 4563 946 4614; x_wconf 91' lang='lat' dir='ltr'><strong>in</strong></span> <span class='ocrx_word' id='word_1_345' title='bbox 965 4562 1074 4615; x_wconf 80' lang='lat' dir='ltr'><strong>MIscell.</strong></span> <span class='ocrx_word' id='word_1_346' title='bbox 1102 4564 1156 4615; x_wconf 89' lang='lat' dir='ltr'><strong>crlt.</strong></span> <span class='ocrx_word' id='word_1_347' title='bbox 1176 4562 1210 4613; x_wconf 82' lang='lat' dir='ltr'><strong>ed</strong></span> <span class='ocrx_word' id='word_1_348' title='bbox 1229 4562 1319 4647; x_wconf 77' lang='lat' dir='ltr'><strong>Symp.</strong></span> <span class='ocrx_word' id='word_1_349' title='bbox 1339 4562 1404 4614; x_wconf 89' lang='lat' dir='ltr'><strong>Plut.</strong></span> 
     </span>
     <span class='ocr_line' id='line_1_40' title="bbox 278 4645 1406 4719; baseline 0.007 -20"><span class='ocrx_word' id='word_1_350' title='bbox 278 4662 304 4712; x_wconf 92' lang='lat' dir='ltr'><strong>p.</strong></span> <span class='ocrx_word' id='word_1_351' title='bbox 325 4649 392 4713; x_wconf 83' lang='lat'>410,</span> <span class='ocrx_word' id='word_1_352' title='bbox 414 4649 459 4714; x_wconf 90' lang='lat' dir='ltr'><strong>qui</strong></span> <span class='ocrx_word' id='word_1_353' title='bbox 477 4649 505 4699; x_wconf 89' lang='lat' dir='ltr'><strong>in</strong></span> <span class='ocrx_word' id='word_1_354' title='bbox 521 4650 646 4714; x_wconf 82' lang='lat' dir='ltr'><strong>proximis</strong></span> <span class='ocrx_word' id='word_1_355' title='bbox 665 4649 736 4701; x_wconf 81' lang='lat' dir='ltr'><strong>haud</strong></span> <span class='ocrx_word' id='word_1_356' title='bbox 756 4651 844 4717; x_wconf 84' lang='lat' dir='ltr'><strong>inepto</strong></span> <span class='ocrx_word' id='word_1_357' title='bbox 861 4650 1005 4715; x_wconf 81' lang='lat' dir='ltr'><strong>legendum</strong></span> <span class='ocrx_word' id='word_1_358' title='bbox 1021 4651 1186 4715; x_wconf 85' lang='lat' dir='ltr'><strong>proponebat</strong></span> <span class='ocrx_word' id='word_1_359' title='bbox 1205 4647 1252 4704; x_wconf 77' lang='grc' dir='ltr'><strong>διὰ</strong></span> <span class='ocrx_word' id='word_1_360' title='bbox 1270 4646 1320 4715; x_wconf 85' lang='grc' dir='ltr'><strong>τὴν</strong></span> <span class='ocrx_word' id='word_1_361' title='bbox 1336 4645 1406 4719; x_wconf 79' lang='grc' dir='ltr'><em>πρὸς</em></span> 
     </span>
     <span class='ocr_line' id='line_1_41' title="bbox 279 4726 1298 4812; baseline 0.002 -23"><span class='ocrx_word' id='word_1_362' title='bbox 279 4730 329 4789; x_wconf 83' lang='grc' dir='ltr'><strong>τὸν</strong></span> <span class='ocrx_word' id='word_1_363' title='bbox 349 4727 436 4803; x_wconf 54' lang='grc' dir='ltr'><em>[ὄνοις</em></span> <span class='ocrx_word' id='word_1_364' title='bbox 454 4726 535 4805; x_wconf 75' lang='grc' dir='ltr'><em>τιμῶ]</em></span> <span class='ocrx_word' id='word_1_365' title='bbox 554 4754 643 4803; x_wconf 83' lang='grc' dir='ltr'><em>μενον</em></span> <span class='ocrx_word' id='word_1_366' title='bbox 660 4732 706 4789; x_wconf 81' lang='grc' dir='ltr'><strong>ὑπ’</strong></span> <span class='ocrx_word' id='word_1_367' title='bbox 726 4735 816 4791; x_wconf 78' lang='grc' dir='ltr'><em>αὐτῶν</em></span> <span class='ocrx_word' id='word_1_368' title='bbox 833 4735 978 4806; x_wconf 78' lang='grc' dir='ltr'><strong>μοί[1ι]στοι</strong></span> <span class='ocrx_word' id='word_1_369' title='bbox 996 4741 1116 4811; x_wconf 70' lang='grc' dir='ltr'><strong>θηρίων,</strong></span> <span class='ocrx_word' id='word_1_370' title='bbox 1136 4739 1298 4812; x_wconf 74' lang='grc' dir='ltr'><em>ἐμφέρειαν.</em></span> 
     </span>
    </p>
   </div>
   <div class='ocr_carea' id='block_1_6' title="bbox 0 0 1854 5625">
    <p class='ocr_par' dir='ltr' id='par_1_7' title="bbox 0 0 1854 5625">
     <span class='ocr_line' id='line_1_42' title="bbox 0 0 1854 5625; baseline 0 4"><span class='ocrx_word' id='word_1_371' title='bbox 0 0 1854 5625; x_wconf 95' lang='lat' dir='ltr'><strong> </strong></span> 
     </span>
    </p>
   </div>
  </div>
 </body>
</html>
