3700 5625
224 1557 329 1712 011οό
346 1627 455 1693 multis
474 1629 671 1718 argumentis
693 1634 727 1694 et
747 1650 768 1693 a
784 1627 896 1695 Garolo
918 1627 1043 1696 Sinteni
1064 1637 1098 1697 et
1117 1652 1138 1696 a
1158 1652 1209 1695 me
1224 1647 1355 1709 conpro-

222 1730 338 1798 batum
360 1739 423 1811 est,
452 1735 530 1798 satis
559 1733 677 1798 multos
706 1732 791 1814 apud
822 1733 1027 1798 Plutarchum
1053 1733 1152 1813 locos,
1179 1735 1215 1798 in
1244 1732 1359 1817 quibus

225 1837 371 1904 editores
398 1839 520 1904 nullam
548 1841 725 1905 sententiae
757 1841 944 1932 agnoverint
964 1843 1221 1923 perversitatem,
1248 1843 1356 1905 incon·

225 1967 318 2012 cesso
334 1947 491 2012 vocalium
507 1967 661 2013 concursu
674 1945 861 2013 manifestae
874 1947 1079 2014 librariorum
1090 1948 1212 2015 fraudis
1224 1949 1361 2032 coargui,

228 2050 300 2116 eius
321 2051 471 2116 reihand
492 2051 556 2116 scio
577 2073 618 2116 an
637 2051 760 2115 nullum
781 2050 948 2116 inlustrius
964 2057 1053 2118 extet
1066 2052 1245 2134 exemplum
1263 2073 1360 2134 qnam

225 2155 261 2218 in
277 2155 362 2220 vitae
377 2155 504 2220 Romuli
525 2176 592 2237 cap.
606 2163 634 2221 5.
677 2153 856 2236 Adparebit
870 2155 957 2220 enim
976 2177 1074 2238 qnam
1094 2176 1159 2221 non
1178 2154 1302 2219 inutilis
1318 2153 1361 2218 sit

227 2259 343 2323 harum
365 2281 472 2326 rerum
502 2259 705 2342 quantumvis
735 2257 866 2323 exilium
893 2259 1073 2326 observatio
1094 2259 1137 2324 ad
1158 2259 1360 2342 coarguenda

228 2364 377 2447 gravima
396 2364 482 2428 vitia.
525 2363 682 2427 Narratur
703 2362 750 2429 ibi
769 2362 809 2427 de
832 2361 956 2428 duabus
975 2362 1069 2426 Accis
1091 2362 1262 2438 lateritiis,
1281 2383 1357 2444 qua·

229 2482 303 2524 rum
324 2459 427 2525 altera
443 2457 588 2524 Faustuli
603 2480 683 2523 uxor
696 2463 791 2541 atque
812 2461 1009 2543 geminorum
1027 2461 1149 2540 nutrix,
1171 2460 1362 2525 larentina:

231 2567 347 2632 liorum
368 2566 456 2632 feriis
476 2567 633 2652 originem
647 2565 786 2644 dederit,
809 2565 912 2632 altera
931 2589 952 2632 a
967 2568 1036 2633 viro
1056 2567 1215 2650 locuplete
1229 2565 1359 2632 Tarutio

231 2671 281 2737 vel
305 2669 445 2750 Garutio,
474 2675 512 2735 ut
530 2675 662 2735 vocatur
683 2692 703 2734 a
723 2669 901 2749 Macrobio,
931 2671 1052 2753 nuptiis
1079 2671 1259 2754 adsumpta,
1287 2674 1361 2753 post

230 2777 353 2851 obitum
373 2776 434 2842 viri
456 2775 608 2859 populum
628 2775 807 2841 Romanum
828 2775 879 2843 vel
901 2776 1072 2843 Romulum
1091 2778 1210 2861 ipsum,
1230 2775 1360 2843 Valerio

194 2898 204 2907 ”
230 2882 361 2948 Antiate
382 2885 526 2959 auctore,
549 2900 644 2963 quem
662 2884 840 2943 antestatur
860 2878 982 2945 Gellius
1002 2880 1057 2959 vl,
1080 2888 1109 2959 7,
1131 2888 1164 2959 5,
1183 2880 1276 2945 bonis
1295 2880 1361 2943 suis

228 2986 384 3054 heredem·
397 2985 510 3051 fecerit
526 2988 559 3049 ct
574 2983 615 3048 ob
630 2982 715 3047 banc
730 2982 956 3047 liberalitatem
972 2982 1110 3063 sepulcri
1124 2981 1362 3066 magnificentia

230 3095 265 3172 et
286 3110 410 3155 annuae
431 3085 664 3170 parentationis
689 3084 809 3150 honore
831 3084 963 3171 dignata
989 3085 1039 3150 sit
1089 3085 1265 3169 Utramque
1285 3090 1360 3150 ante

229 3196 359 3279 nuptias
378 3194 592 3261 meretriciam
610 3191 710 3256 vitam
728 3192 919 3277 transegisse
941 3192 996 3257 ait.
1038 3191 1144 3275 Atque
1162 3193 1202 3257 de
1216 3190 1360 3257 Faustuli

228 3295 360 3381 quidem
382 3294 515 3379 coniuge
543 3293 693 3362 ridentur
719 3292 781 3357 hoc
805 3292 939 3359 seriores
969 3292 1068 3359 Urbis
1095 3293 1361 3359 incunabulorum

228 3402 431 3465 enarratores
450 3396 645 3480 excogitasse
662 3395 897 3461 commoditatis
912 3395 1015 3479 magis
1027 3396 1186 3461 rationem
1198 3395 1361 3471 habentes,

228 3520 328 3585 quam
357 3497 443 3581 quod
471 3496 670 3561 auctoritatis
702 3494 837 3560 multum
869 3500 902 3561 et
931 3494 1007 3562 fidei
1036 3495 1252 3577 ineptissimae
1284 3514 1361 3560 sane

230 3602 400 3669 traditioni
422 3600 602 3666 tribuerint.
653 3599 761 3667 Unum
782 3600 867 3665 enirn
896 3601 958 3666 hoo
984 3601 1136 3685 agebant,
1165 3606 1202 3665 nt
1228 3606 1360 3685 argutae

229 3704 271 3770 de
293 3702 428 3768 Romulo
451 3706 485 3767 et
504 3700 646 3767 Remos
674 3699 750 3781 lupa
772 3699 852 3783 (1.1.
876 3699 1058 3786 meretrice)
1084 3701 1213 3766 nutritis
1233 3701 1360 3768 fabulae

230 3808 303 3873 fons
330 3811 428 3890 atque
453 3806 542 3890 origo
570 3805 619 3872 vel
647 3805 714 3870 sine
736 3804 889 3869 miraculi
911 3810 1088 3871 commento
1114 3806 1196 3874 esset
1224 3808 1260 3872 in
1285 3829 1358 3891 pro·

230 3911 387 3997 patulo*).
430 3908 497 3976 Nec
518 3930 589 3975 curn
609 3906 707 3973 s'emel
735 3913 772 3972 ut
792 3907 918 3973 ridetur
948 3909 1029 3975 duae
1057 3910 1198 3977 eiusdem
1224 3911 1362 3977 nominis

230 4016 435 4083 mulierculae
460 4016 495 4080 in
518 4015 597 4081 duas
617 4036 770 4097 personas
792 4014 964 4082 distractae
985 4022 1090 4082 essent
1110 4017 1153 4083 ad
1173 4018 1358 4084 larentina·

231 4118 347 4185 liorum
368 4117 566 4201 fratrumque
584 4117 747 4182 Arvalium
769 4116 924 4201 originem
945 4117 1170 4203 detegendam,
1192 4118 1257 4184 alia
1270 4124 1358 4200 pate·

233 4225 289 4291 bat
308 4225 374 4304 via,
404 4246 501 4308 quarn
526 4229 564 4288 ut
590 4223 626 4287 in
650 4228 756 4289 cetera
786 4220 826 4288 de
847 4228 982 4307 ubsque
1011 4224 1144 4290 muliere
1170 4224 1361 4289 narrationis

233 4326 504 4406 dissimilitudine,
526 4332 750 4410 praeterquam
769 4324 854 4409 quod
872 4325 992 4391 similes
1011 4327 1140 4409 utrique
1154 4329 1228 4405 post
1240 4326 1361 4393 obitum

233 4430 348 4495 tributi
369 4434 461 4495 erant
481 4430 630 4507 honores,
655 4434 790 4512 ubsque
811 4426 896 4494 idern
917 4434 1004 4495 certe
1024 4428 1181 4510 pristinae
1200 4428 1284 4495 vitae
1305 4431 1359 4497 de·

234 4536 329 4602 decus
355 4534 519 4603 admisisse
544 4534 789 4621 significaretur.
839 4534 938 4618 Atqui
958 4532 1151 4600 tralaticium
1171 4536 1299 4618 quidem
1321 4536 1361 4599 de

284 4764 286 4769 “
306 4759 333 4826 ⁸)
350 4760 411 4816 Vid.
431 4760 460 4816 G.
478 4762 631 4815 Lachmann
649 4762 683 4813 de
698 4760 762 4815 lunt.
783 4758 844 4812 hist
861 4758 929 4811 Livii
947 4755 958 4808 l
973 4772 1000 4825 p.
1017 4759 1059 4813 tr.

1177 4850 1191 4902 t
