3700 5625
931 613 1143 691 ..22-

468 796 519 860 est
532 789 705 876 δαίμιτρος
725 804 797 882 oum
816 776 1004 871 ύιοίχρυσος,
1028 781 1139 846 duhito
1160 803 1202 847 an
1217 801 1281 846 non
1294 779 1360 857 alia
1377 782 1527 862 suppetat
1549 776 1596 856 ad

468 892 667 980 probandum
687 891 751 968 via,
780 907 876 970 quam
896 892 935 950 ut
959 884 1165 968 intellegatur
1192 883 1232 948 de
1254 882 1377 948 mitella
1402 879 1595 946 versicolore
1683 910 1684 915 ¹

468 996 518 1062 vel
538 994 634 1060 etiam
656 1011 733 1058 auro
755 989 920 1065 distincta,
949 1007 1012 1068 qua
1032 986 1140 1052 causia
1161 985 1310 1051 redimita
1329 983 1483 1050 fueritin
1504 983 1595 1048 hunc

467 1097 603 1175 modum,
622 1101 658 1161 ut
672 1112 850 1178 purpureus
871 1091 966 1156 huius
983 1089 1070 1155 color
1088 1111 1146 1172 per
1159 1089 1326 1155 intervalla
1345 1088 1531 1172 perluceret.
1552 1085 1595 1150 Id

467 1207 552 1270 certe
579 1198 680 1266 multo
706 1197 786 1264 mihi
815 1195 990 1280 simplicius
1017 1195 1146 1277 verique
1174 1193 1308 1260 similius
1328 1191 1466 1267 videtur,
1495 1212 1596 1278 quam

467 1307 552 1393 quod
574 1303 697 1372 Sinteni
718 1301 853 1385 aliisque
872 1298 1029 1384 placuisse
1051 1299 1205 1382 suspicari
1226 1299 1315 1376 licet,
1345 1296 1489 1363 Demetri
1516 1317 1592 1360 cau-

467 1415 548 1481 siam
576 1409 701 1493 duplice
729 1406 853 1475 mitella
882 1401 1071 1492 (δίμιτρος)
1095 1409 1278 1472 coronatam
1309 1403 1418 1483 fixisse
1448 1400 1592 1487 quaudo·

467 1517 595 1604 quidem
623 1516 736 1582 Athen.
759 1511 823 1580 XII
852 1532 882 1595 p.
913 1515 1005 1578 536³.
1031 1510 1073 1576 de
1101 1509 1212 1577 eadem
1239 1510 1383 1580 Demetri
1413 1507 1520 1575 causis
1541 1505 1592 1585 di-

467 1625 581 1691 stincte
608 1620 708 1688 tradit
738 1613 841 1707 μίτρα
872 1610 1108 1705 χρυσόπαστος
1136 1605 1190 1703 ἦν,
1222 1604 1244 1702 ἢ
1272 1611 1414 1682 καυσίαν
1443 1607 1596 1699 ἁλουργῆ
1685 1606 1686 1633 ί

468 1715 570 1791 οὖσαν
593 1719 747 1810 ἔσφιγγεν
769 1717 828 1786 ἐπί
853 1716 892 1785 τὸ
915 1720 1020 1784 νῶτον
1043 1718 1194 1805 φέρουσα
1225 1715 1266 1785 τὰ
1288 1717 1463 1783 τελευταῖα
1486 1738 1593 1781 κατα-

465 1827 620 1916 βλήματα
637 1828 702 1894 τῶν
714 1819 958 1912 ύφασμύτιον*)
998 1822 1146 1890 Ceterum
1160 1823 1195 1888 in
1210 1821 1322 1891 eadem
1337 1822 1491 1889 varietate
1507 1826 1595 1898 sumt,
1686 1868 1687 1879 .

395 1937 397 1944 ’
465 1931 621 2016 siqnidem
647 1927 763 1999 mendo
790 1932 910 2004 carent,
941 1922 1087 2014 δίφορος
1108 1932 1142 1994 et
1162 1923 1332 2015 διάφαρος
1354 1927 1395 1993 ab
1418 1927 1523 2011 Etym.
1546 1925 1591 1994 Μ.

465 2039 584 2109 notata,
604 2032 645 2100 de
666 2030 781 2114 quibus
803 2027 955 2116 adcurate
976 2029 1121 2108 exposuit
1143 2027 1331 2104 Schaeierus
1351 2029 1394 2094 sd
1416 2029 1508 2112 Greg.
1531 2026 1590 2092 Co·

464 2135 561 2202 rinth.
580 2155 611 2216 p.
633 2137 703 2201 513.

551 2237 612 2304 Sed
627 2237 706 2305 haec
721 2234 856 2302 strictim
874 2236 1063 2320 transgressi
1084 2257 1199 2305 sumus.
1242 2236 1333 2314 Quod
1354 2236 1593 2319 supradictum

464 2357 514 2414 est
541 2344 580 2411 de
617 2340 830 2411 clausularum
861 2340 1101 2423 depravatione,
1132 2341 1330 2408 commodum
1358 2364 1410 2408 me
1440 2340 1595 2409 admouet

463 2447 537 2525 loci,
567 2468 662 2529 quem
690 2444 826 2513 tractavi
854 2443 888 2510 in
910 2443 1036 2521 Quaest.
1057 2443 1137 2516 Plut.
1159 2442 1209 2508 ΙΙΙ
1231 2464 1263 2526 p.
1285 2449 1327 2513 62
1355 2467 1394 2510 ex
1417 2444 1526 2519 libello
1548 2444 1591 2511 de

463 2570 571 2619 amore
589 2547 688 2630 prolis
705 2567 735 2630 p.
754 2552 815 2614 497
824 2545 855 2624 b,
878 2547 934 2612 ubi
956 2567 1028 2612 cum
1046 2547 1190 2631 vulgetur
1212 2545 1249 2610 cd
1273 2548 1310 2615 δὲ
1329 2541 1397 2616 one
1411 2550 1470 2614 τοῦ
1486 2541 1591 2634 Εὐρι-

466 2650 567 2719 πίδου
591 2652 720 2736 (Phoen.
735 2655 798 2718 439
812 2651 893 2737 sqq.)
916 2649 1103 2738 λεγόμενον,
1128 2648 1170 2717 τὰ
1189 2645 1327 2740 χρήματ’
1352 2645 1591 2740 ἀνθρώποισιν

465 2752 627 2846 εὑρίσκειν
658 2753 779 2842 φίλους
808 2752 947 2840 δύναμίν
976 2780 1013 2822 τε
1044 2752 1203 2844 πλείστην
1229 2758 1294 2822 τῶν
1324 2754 1358 2825 ἐν
1388 2751 1590 2845 ἀνθρώποις

463 2853 556 2940 ipses,
582 2850 641 2939 ούχ
663 2851 780 2934 ἁπλῶς
803 2850 940 2943 ἀληθές,
965 2849 1038 2923 ἀλλ’
1060 2855 1118 2923 ε’πί
1142 2851 1385 2925 reinduturus·
1409 2858 1591 2941 τούτους

463 2954 503 3023 ci
524 2953 732 3023 πλούσιοι
753 2951 1069 3037 δειπνίζουσιν,
1093 2952 1125 3021 oi
1148 2951 1305 3047 ἡγεμόνες
1326 2953 1591 3046 θεραπεύουσιν,

464 3056 496 3125 σί
518 3053 656 3147 ῥήτορες
675 3055 793 3141 μόνοις
814 3053 947 3135 τούτοις
968 3062 1093 3144 προῖκα
1113 3059 1358 3144 συνηγοροῦσιν,
1381 3065 1590 3142 praepostere

424 3158 430 3167 “
461 3162 541 3228 mihi
573 3162 693 3227 dictum
725 3161 826 3229 videri
857 3159 1047 3245 significavi,
1089 3160 1174 3244 quod
1209 3161 1324 3229 divites
1358 3163 1591 3247 perhibeantur

462 3267 598 3331 invitare
620 3266 764 3333 homines
784 3266 862 3331 item
885 3263 1052 3347 opulentos
1073 3264 1130 3331 sed
1151 3265 1244 3334 orbos
1266 3265 1478 3351 caelibesque,
1508 3292 1586 3355 quo-

460 3392 532 3439 rum
553 3370 686 3437 heredes
711 3368 782 3435 fieri
809 3368 947 3452 cupiant.
999 3367 1062 3434 Sed
1088 3368 1297 3451 desperabam
1323 3374 1391 3437 tum
1412 3370 1453 3438 de
1480 3395 1586 3442 emen-

460 3475 603 3555 datione3
640 3470 734 3543 hodie
761 3494 864 3557 paene
896 3495 956 3559 pro
983 3478 1069 3541 certo
1098 3472 1323 3550 affirmaverim
1356 3478 1594 3549 morcio!

533 3679 559 3742 *i
580 3679 629 3733 Cir.
643 3680 673 3734 H.
688 3679 789 3745 Weiss,
807 3678 1013 3733 Kcslimliunds
1031 3678 1055 3746 1,
1075 3681 1138 3744 269:
1157 3680 1206 3733 Die
1218 3681 1320 3736 Kidavis
1333 3682 1458 3746 bestuqd,
1474 3684 1512 3738 als
1525 3698 1589 3747 aus-

459 3766 623 3821 zeiehoende
641 3768 736 3819 Trachi
758 3768 805 3819 des
825 3767 919 3838 Darios
937 3768 964 3832 in
989 3768 1062 3838 cippi
1078 3769 1127 3836 art,
1141 3767 1288 3851 qesteilter,
1312 3767 1488 3836 kegelidrmig
1506 3786 1588 3840 zuge-

447 3858 566 3922 spitzlcr
585 3857 672 3908 Mbtze
689 3858 743 3907 und
763 3858 834 3912 einer
846 3859 938 3910 darum
957 3859 1143 3923 gemundenen
1162 3857 1263 3921 Binde,
1283 3857 1326 3908 dio
1342 3857 1425 3910 durch
1438 3860 1480 3911 ein
1494 3861 1586 3927 spiral-

457 3947 586 4010 lbrmigcs
600 3943 856 3996 zusammendreben
875 3946 948 3997 eines
961 3947 1077 3998 weissen
1094 3944 1148 3996 und
1160 3944 1234 3995 mnes
1245 3959 1392 4011 purporneo
1412 3947 1477 3998 oder
1487 3948 1585 4001 hisoen

347 4090 353 4102 ι
458 4032 562 4083 Beudos
582 4030 702 4096 gebildet
716 4030 798 4082 werd.
839 4030 889 4081 Dis
909 4030 1066 4083 Grundiorm
1084 4032 1173 4083 dieser
1194 4030 1365 4098 kouiqlichen
1384 4034 1494 4087 Zierdcn
1512 4036 1585 4090 hlieh

456 4118 534 4183 lange
556 4117 611 4169 zeit
628 4114 759 4169 hindurch
773 4114 844 4172 ohne
856 4116 964 4169 Zwe'risl
979 4117 1023 4168 die
1039 4117 1114 4169 cina
1132 4117 1179 4171 mit
1191 4118 1306 4185 goldnen
1316 4119 1409 4173 Reiien
1421 4123 1476 4176 und
1488 4122 1587 4176 Buce

457 4208 574 4267 bhndcrn
596 4209 814 4273 ausgestutleteo,
840 4200 944 4257 sleisen⁴
957 4204 1040 4257 Hotes
1057 4222 1111 4259 von
1133 4206 1321 4259 verschiedner
1337 4207 1425 4262 liobe.
1468 4207 1514 4261 Sis
1532 4201 1589 4262 ’πει

457 4308 486 4344 es
506 4292 588 4346 selhst
607 4292 677 4347 noch
699 4292 828 4345 wahrend
855 4292 904 4345 dcc
922 4292 1252 4361 perelecta-griechischen
1270 4295 1386 4364 Epochc.
1427 4298 1504 4351 Auch
1523 4300 1587 4351 De·

456 4369 596 4433 mclrios
621 4381 844 4435 Poliorketes
866 4387 928 4451 trug
955 4383 1031 4435 einen
1057 4386 1203 4453 derarligen
1232 4386 1284 4439 Hui
1307 4388 1354 4439 mit
1378 4388 1587 4455 goldgestickter

454 4464 553 4530 Binda,
578 4466 657 4518 deren
680 4467 773 4520 Endon
793 4468 870 4534 linge
890 4468 952 4518 dem
971 4466 1079 4521 Ncckcn
1099 4469 1287 4537 herahhinqen.
1320 4471 1479 4540 similesque
1499 4476 1585 4527 luisse

455 4568 546 4619 regum
560 4554 730 4623 Assyriorum·
739 4557 1000 4628 Babyloniorumque
1016 4560 1120 4611 censius
1135 4561 1284 4627 nuperrime
1301 4562 1390 4615 edocti
1409 4578 1517 4628 sumos;
1536 4565 1583 4617 cir.

448 4628 531 4778 ’ρνυει
550 4641 639 4782 Ἶαοτγ
657 4643 768 4712 Lapsrd,
786 4646 903 4703 Nineveh
922 4663 950 4701 u.
970 4647 1088 4718 babylon
1106 4648 1177 4715 lips.
1196 4648 1261 4703 st.
1280 4649 1371 4703 vnn.
1390 4652 1424 4707 lx
1436 4652 1467 4707 D.
1487 4652 1521 4705 lll
1541 4644 1584 4720 h,

492 4729 545 4783 eise
574 4770 580 4785 .
599 4731 616 4785 l.
636 4746 662 4798 p.
681 4731 740 4785 201.
1262 4738 1266 4743 “
