<?xml version="1.0" encoding="UTF-8"?>
<!DOCTYPE html PUBLIC "-//W3C//DTD XHTML 1.0 Transitional//EN"
    "http://www.w3.org/TR/xhtml1/DTD/xhtml1-transitional.dtd">
<html xmlns="http://www.w3.org/1999/xhtml" xml:lang="en" lang="en">
 <head>
  <title>
</title>
<meta http-equiv="Content-Type" content="text/html;charset=utf-8" />
  <meta name='ocr-system' content='tesseract 3.04.00' />
  <meta name='ocr-capabilities' content='ocr_page ocr_carea ocr_par ocr_line ocrx_word'/>
</head>
<body>
  <div class='ocr_page' id='page_1' title='image "./vindiciarumplut00doehgoog_0084.png"; bbox 0 0 3700 5625; ppageno 0'>
   <div class='ocr_carea' id='block_1_1' title="bbox 927 621 1140 684">
    <p class='ocr_par' dir='ltr' id='par_1_1' title="bbox 927 621 1140 684">
     <span class='ocr_line' id='line_1_1' title="bbox 927 621 1140 684; baseline 0.009 -20"><span class='ocrx_word' id='word_1_1' title='bbox 927 621 1140 684; x_wconf 70' lang='grc'>,66-</span> 
     </span>
    </p>
   </div>
   <div class='ocr_carea' id='block_1_2' title="bbox 479 783 1604 2530">
    <p class='ocr_par' dir='ltr' id='par_1_2' title="bbox 605 783 1354 870">
     <span class='ocr_line' id='line_1_2' title="bbox 605 783 1354 870; baseline 0.001 -20"><span class='ocrx_word' id='word_1_2' title='bbox 605 785 681 850; x_wconf 87' lang='lat' dir='ltr'>Mox</span> <span class='ocrx_word' id='word_1_3' title='bbox 701 783 824 851; x_wconf 87' lang='lat' dir='ltr'>undare</span> <span class='ocrx_word' id='word_1_4' title='bbox 844 784 913 852; x_wconf 88' lang='lat' dir='ltr'>foro</span> <span class='ocrx_word' id='word_1_5' title='bbox 934 790 1044 851; x_wconf 72' lang='grc' dir='ltr'><em>ωσίντα</em></span> <span class='ocrx_word' id='word_1_6' title='bbox 1063 789 1209 870; x_wconf 58' lang='lat' dir='ltr'>putatia</span> <span class='ocrx_word' id='word_1_7' title='bbox 1228 788 1354 870; x_wconf 75' lang='grc' dir='ltr'><em>λίπηται,</em></span> 
     </span>
    </p>

    <p class='ocr_par' dir='ltr' id='par_1_3' title="bbox 479 889 1604 2530">
     <span class='ocr_line' id='line_1_3' title="bbox 606 889 876 974; baseline 0.011 -20"><span class='ocrx_word' id='word_1_8' title='bbox 606 889 778 974; x_wconf 72' lang='lat' dir='ltr'>I&#39;utarique</span> <span class='ocrx_word' id='word_1_9' title='bbox 796 911 876 957; x_wconf 86' lang='lat' dir='ltr'>reos.</span> 
     </span>
     <span class='ocr_line' id='line_1_4' title="bbox 479 991 1600 1078; baseline -0.002 -18"><span class='ocrx_word' id='word_1_10' title='bbox 479 995 528 1060; x_wconf 89' lang='lat' dir='ltr'>De</span> <span class='ocrx_word' id='word_1_11' title='bbox 549 997 655 1060; x_wconf 70' lang='grc' dir='ltr'><em>σείετο</em></span> <span class='ocrx_word' id='word_1_12' title='bbox 683 995 809 1078; x_wconf 87' lang='lat' dir='ltr'><strong>siquis</strong></span> <span class='ocrx_word' id='word_1_13' title='bbox 841 1014 957 1076; x_wconf 81' lang='lat' dir='ltr'>operae</span> <span class='ocrx_word' id='word_1_14' title='bbox 984 993 1093 1072; x_wconf 87' lang='lat' dir='ltr'>ducat,</span> <span class='ocrx_word' id='word_1_15' title='bbox 1121 993 1207 1060; x_wconf 88' lang='lat' dir='ltr'>haud</span> <span class='ocrx_word' id='word_1_16' title='bbox 1234 993 1342 1076; x_wconf 86' lang='lat' dir='ltr'>inepte</span> <span class='ocrx_word' id='word_1_17' title='bbox 1365 991 1554 1076; x_wconf 79' lang='lat' dir='ltr'>conparabit</span> <span class='ocrx_word' id='word_1_18' title='bbox 1573 992 1600 1058; x_wconf 84' lang='lat' dir='ltr'>S.</span> 
     </span>
     <span class='ocr_line' id='line_1_5' title="bbox 481 1089 1603 1185; baseline -0.004 -18"><span class='ocrx_word' id='word_1_19' title='bbox 481 1099 696 1185; x_wconf 75' lang='lat' dir='ltr'>Chrysostomi</span> <span class='ocrx_word' id='word_1_20' title='bbox 715 1098 814 1165; x_wconf 86' lang='lat' dir='ltr'>verba</span> <span class='ocrx_word' id='word_1_21' title='bbox 834 1099 876 1164; x_wconf 90' lang='lat' dir='ltr'>ad</span> <span class='ocrx_word' id='word_1_22' title='bbox 899 1119 971 1182; x_wconf 89' lang='lat' dir='ltr'>pop.</span> <span class='ocrx_word' id='word_1_23' title='bbox 990 1097 1134 1166; x_wconf 82' lang='lat' dir='ltr'>Antiooh.</span> <span class='ocrx_word' id='word_1_24' title='bbox 1159 1119 1189 1182; x_wconf 89' lang='lat' dir='ltr'>p.</span> <span class='ocrx_word' id='word_1_25' title='bbox 1210 1103 1285 1176; x_wconf 78' lang='lat'>332,</span> <span class='ocrx_word' id='word_1_26' title='bbox 1308 1102 1349 1164; x_wconf 74' lang='lat'>22</span> <span class='ocrx_word' id='word_1_27' title='bbox 1372 1095 1448 1164; x_wconf 76' lang='grc' dir='ltr'><em>ἐπεὶ</em></span> <span class='ocrx_word' id='word_1_28' title='bbox 1470 1089 1527 1161; x_wconf 82' lang='grc' dir='ltr'><em>οὖν</em></span> <span class='ocrx_word' id='word_1_29' title='bbox 1551 1095 1603 1162; x_wconf 78' lang='grc' dir='ltr'>καί</span> 
     </span>
     <span class='ocr_line' id='line_1_6' title="bbox 480 1190 1603 1287; baseline -0.004 -22"><span class='ocrx_word' id='word_1_30' title='bbox 480 1193 576 1287; x_wconf 75' lang='grc' dir='ltr'><em>ἡμεῖς</em></span> <span class='ocrx_word' id='word_1_31' title='bbox 604 1193 741 1286; x_wconf 88' lang='grc' dir='ltr'><em>χρυσίον</em></span> <span class='ocrx_word' id='word_1_32' title='bbox 771 1195 900 1285; x_wconf 74' lang='grc' dir='ltr'><em>ἕψσμεν</em></span> <span class='ocrx_word' id='word_1_33' title='bbox 930 1194 1000 1263; x_wconf 80' lang='grc' dir='ltr'>άπὸ</span> <span class='ocrx_word' id='word_1_34' title='bbox 1026 1199 1090 1263; x_wconf 91' lang='grc' dir='ltr'>τῶν</span> <span class='ocrx_word' id='word_1_35' title='bbox 1117 1192 1290 1280; x_wconf 81' lang='grc' dir='ltr'><em>μετάλλων</em></span> <span class='ocrx_word' id='word_1_36' title='bbox 1319 1190 1514 1280; x_wconf 79' lang='grc' dir='ltr'><em>ἀνελόμενοι</em></span> <span class='ocrx_word' id='word_1_37' title='bbox 1542 1199 1603 1262; x_wconf 87' lang='grc' dir='ltr'>τῶν</span> 
     </span>
     <span class='ocr_line' id='line_1_7' title="bbox 486 1296 1604 1390; baseline -0.004 -21"><span class='ocrx_word' id='word_1_38' title='bbox 486 1300 738 1381; x_wconf 81' lang='grc' dir='ltr'><em>δπσστολικῶν,</em></span> <span class='ocrx_word' id='word_1_39' title='bbox 769 1297 829 1368; x_wconf 82' lang='grc' dir='ltr'>οὐκ</span> <span class='ocrx_word' id='word_1_40' title='bbox 855 1299 904 1380; x_wconf 88' lang='grc' dir='ltr'>είς</span> <span class='ocrx_word' id='word_1_41' title='bbox 924 1301 1145 1390; x_wconf 84' lang='grc' dir='ltr'><em>χωνευτήρισν</em></span> <span class='ocrx_word' id='word_1_42' title='bbox 1175 1297 1413 1385; x_wconf 72' lang='grc' dir='ltr'><em>ἐμβάλλοντες,</em></span> <span class='ocrx_word' id='word_1_43' title='bbox 1456 1296 1530 1367; x_wconf 78' lang='grc' dir='ltr'><em>ἀλλ’</em></span> <span class='ocrx_word' id='word_1_44' title='bbox 1560 1297 1604 1378; x_wconf 85' lang='grc' dir='ltr'>είς</span> 
     </span>
     <span class='ocr_line' id='line_1_8' title="bbox 480 1397 1603 1492; baseline 0 -24"><span class='ocrx_word' id='word_1_45' title='bbox 480 1404 539 1491; x_wconf 78' lang='grc' dir='ltr'>τὴν</span> <span class='ocrx_word' id='word_1_46' title='bbox 561 1399 714 1469; x_wconf 87' lang='grc' dir='ltr'><em>διάνοιαν</em></span> <span class='ocrx_word' id='word_1_47' title='bbox 734 1405 793 1489; x_wconf 83' lang='grc' dir='ltr'><em>τῆς</em></span> <span class='ocrx_word' id='word_1_48' title='bbox 813 1397 977 1490; x_wconf 80' lang='grc' dir='ltr'><em>δμετίρας</em></span> <span class='ocrx_word' id='word_1_49' title='bbox 995 1405 1105 1492; x_wconf 79' lang='grc' dir='ltr'><em>ψυχῆς</em></span> <span class='ocrx_word' id='word_1_50' title='bbox 1126 1401 1310 1480; x_wconf 73' lang='grc' dir='ltr'><strong><em>καθιέντες.</em></strong></span> <span class='ocrx_word' id='word_1_51' title='bbox 1350 1403 1457 1486; x_wconf 87' lang='lat' dir='ltr'>Ipsam</span> <span class='ocrx_word' id='word_1_52' title='bbox 1477 1401 1603 1486; x_wconf 85' lang='lat' dir='ltr'>quidem</span> 
     </span>
     <span class='ocr_line' id='line_1_9' title="bbox 480 1502 1603 1594; baseline 0.001 -23"><span class='ocrx_word' id='word_1_53' title='bbox 480 1507 671 1572; x_wconf 86' lang='lat' dir='ltr'>locutionem</span> <span class='ocrx_word' id='word_1_54' title='bbox 689 1507 833 1585; x_wconf 78' lang='grc' dir='ltr'><em>πλοῦτος</em></span> <span class='ocrx_word' id='word_1_55' title='bbox 848 1502 948 1594; x_wconf 80' lang='grc' dir='ltr'><em>λόγου</em></span> <span class='ocrx_word' id='word_1_56' title='bbox 967 1508 1103 1590; x_wconf 76' lang='lat' dir='ltr'>praeivit</span> <span class='ocrx_word' id='word_1_57' title='bbox 1115 1508 1206 1574; x_wconf 85' lang='lat' dir='ltr'>Plato</span> <span class='ocrx_word' id='word_1_58' title='bbox 1221 1508 1400 1593; x_wconf 85' lang='lat' dir='ltr'>Euthyphr.</span> <span class='ocrx_word' id='word_1_59' title='bbox 1410 1528 1441 1591; x_wconf 90' lang='lat' dir='ltr'>p.</span> <span class='ocrx_word' id='word_1_60' title='bbox 1453 1513 1534 1586; x_wconf 82' lang='lat' dir='ltr'>12a‚</span> <span class='ocrx_word' id='word_1_61' title='bbox 1552 1509 1603 1574; x_wconf 91' lang='lat' dir='ltr'>ubi</span> 
     </span>
     <span class='ocr_line' id='line_1_10' title="bbox 480 1606 1601 1700; baseline 0 -22"><span class='ocrx_word' id='word_1_62' title='bbox 480 1612 580 1678; x_wconf 85' lang='lat' dir='ltr'>habes</span> <span class='ocrx_word' id='word_1_63' title='bbox 599 1613 730 1700; x_wconf 80' lang='grc' dir='ltr'><strong><em>τρυφᾷς</em></strong></span> <span class='ocrx_word' id='word_1_64' title='bbox 749 1606 817 1678; x_wconf 80' lang='grc' dir='ltr'>ὑπὸ</span> <span class='ocrx_word' id='word_1_65' title='bbox 840 1611 989 1678; x_wconf 85' lang='grc' dir='ltr'><em>πλούτου</em></span> <span class='ocrx_word' id='word_1_66' title='bbox 1010 1615 1068 1699; x_wconf 81' lang='grc' dir='ltr'><em>τῆς</em></span> <span class='ocrx_word' id='word_1_67' title='bbox 1091 1609 1232 1699; x_wconf 85' lang='grc' dir='ltr'><em>σοφίας,</em></span> <span class='ocrx_word' id='word_1_68' title='bbox 1263 1633 1400 1697; x_wconf 82' lang='lat' dir='ltr'>quocum</span> <span class='ocrx_word' id='word_1_69' title='bbox 1429 1633 1601 1696; x_wconf 82' lang='lat' dir='ltr'>conparan-</span> 
     </span>
     <span class='ocr_line' id='line_1_11' title="bbox 480 1712 1603 1804; baseline 0.002 -22"><span class='ocrx_word' id='word_1_70' title='bbox 480 1717 556 1782; x_wconf 87' lang='lat' dir='ltr'>dum</span> <span class='ocrx_word' id='word_1_71' title='bbox 574 1712 700 1802; x_wconf 82' lang='grc' dir='ltr'><em>σοφίας</em></span> <span class='ocrx_word' id='word_1_72' title='bbox 714 1715 889 1804; x_wconf 72' lang='grc' dir='ltr'><em>θησαυρός</em></span> <span class='ocrx_word' id='word_1_73' title='bbox 899 1719 935 1782; x_wconf 92' lang='lat' dir='ltr'>in</span> <span class='ocrx_word' id='word_1_74' title='bbox 953 1717 1114 1800; x_wconf 82' lang='lat' dir='ltr'>Philebp.</span> <span class='ocrx_word' id='word_1_75' title='bbox 1126 1719 1236 1802; x_wconf 65' lang='lat' dir='ltr'>tw),</span> <span class='ocrx_word' id='word_1_76' title='bbox 1258 1718 1344 1802; x_wconf 89' lang='lat' dir='ltr'>quod</span> <span class='ocrx_word' id='word_1_77' title='bbox 1355 1720 1390 1785; x_wconf 92' lang='lat' dir='ltr'>in</span> <span class='ocrx_word' id='word_1_78' title='bbox 1404 1739 1498 1784; x_wconf 88' lang='lat' dir='ltr'><strong>usum</strong></span> <span class='ocrx_word' id='word_1_79' title='bbox 1516 1741 1603 1784; x_wconf 91' lang='lat' dir='ltr'><strong>suum</strong></span> 
     </span>
     <span class='ocr_line' id='line_1_12' title="bbox 480 1817 1602 1906; baseline 0 -21"><span class='ocrx_word' id='word_1_80' title='bbox 480 1819 635 1886; x_wconf 79' lang='lat' dir='ltr'>eonvertit</span> <span class='ocrx_word' id='word_1_81' title='bbox 655 1817 748 1884; x_wconf 90' lang='lat' dir='ltr'><strong>simia</strong></span> <span class='ocrx_word' id='word_1_82' title='bbox 776 1817 917 1884; x_wconf 88' lang='lat' dir='ltr'>Platonis</span> <span class='ocrx_word' id='word_1_83' title='bbox 944 1819 1162 1886; x_wconf 74' lang='lat' dir='ltr'><strong>Aristaenetus</strong></span> <span class='ocrx_word' id='word_1_84' title='bbox 1181 1819 1205 1899; x_wconf 91' lang='grc' dir='ltr'>Ι,</span> <span class='ocrx_word' id='word_1_85' title='bbox 1233 1827 1247 1886; x_wconf 90' lang='grc'><em>1</em></span> <span class='ocrx_word' id='word_1_86' title='bbox 1271 1819 1312 1886; x_wconf 90' lang='lat' dir='ltr'>de</span> <span class='ocrx_word' id='word_1_87' title='bbox 1331 1821 1500 1888; x_wconf 83' lang='lat' dir='ltr'>meretrice</span> <span class='ocrx_word' id='word_1_88' title='bbox 1525 1842 1602 1906; x_wconf 87' lang='lat' dir='ltr'>qnae</span> 
     </span>
     <span class='ocr_line' id='line_1_13' title="bbox 479 1917 1602 2013; baseline 0 -21"><span class='ocrx_word' id='word_1_89' title='bbox 479 1926 596 1992; x_wconf 86' lang='lat' dir='ltr'>dicitnr</span> <span class='ocrx_word' id='word_1_90' title='bbox 616 1926 778 2012; x_wconf 75' lang='grc' dir='ltr'><em>τρυφῶσα</em></span> <span class='ocrx_word' id='word_1_91' title='bbox 799 1918 867 1990; x_wconf 81' lang='grc' dir='ltr'>ὖπδ</span> <span class='ocrx_word' id='word_1_92' title='bbox 887 1921 1034 1991; x_wconf 84' lang='grc' dir='ltr'><em>πλούτου</em></span> <span class='ocrx_word' id='word_1_93' title='bbox 1056 1928 1114 2012; x_wconf 84' lang='grc' dir='ltr'><em>τῆς</em></span> <span class='ocrx_word' id='word_1_94' title='bbox 1142 1917 1365 2013; x_wconf 76' lang='grc' dir='ltr'><em>εὐπρεπείας·</em></span> <span class='ocrx_word' id='word_1_95' title='bbox 1415 1925 1481 1991; x_wconf 85' lang='lat' dir='ltr'>Neo</span> <span class='ocrx_word' id='word_1_96' title='bbox 1512 1927 1602 2010; x_wconf 78' lang='lat' dir='ltr'>plane</span> 
     </span>
     <span class='ocr_line' id='line_1_14' title="bbox 480 2010 1602 2118; baseline 0 -22"><span class='ocrx_word' id='word_1_97' title='bbox 480 2028 597 2096; x_wconf 84' lang='lat' dir='ltr'>diversi</span> <span class='ocrx_word' id='word_1_98' title='bbox 618 2033 693 2094; x_wconf 88' lang='lat' dir='ltr'>sunt</span> <span class='ocrx_word' id='word_1_99' title='bbox 705 2010 835 2112; x_wconf 75' lang='lat' dir='ltr'>generis</span> <span class='ocrx_word' id='word_1_100' title='bbox 843 2028 923 2093; x_wconf 87' lang='lat' dir='ltr'>haec</span> <span class='ocrx_word' id='word_1_101' title='bbox 937 2028 1023 2109; x_wconf 89' lang='lat' dir='ltr'>apud</span> <span class='ocrx_word' id='word_1_102' title='bbox 1036 2029 1186 2097; x_wconf 85' lang='lat' dir='ltr'>Themist.</span> <span class='ocrx_word' id='word_1_103' title='bbox 1197 2049 1228 2110; x_wconf 90' lang='lat' dir='ltr'>p.</span> <span class='ocrx_word' id='word_1_104' title='bbox 1246 2032 1334 2096; x_wconf 79' lang='lat'><strong>2330</strong></span> <span class='ocrx_word' id='word_1_105' title='bbox 1356 2023 1432 2115; x_wconf 79' lang='grc' dir='ltr'><em>ἡμῖν</em></span> <span class='ocrx_word' id='word_1_106' title='bbox 1447 2067 1492 2079; x_wconf 94' lang='grc'><strong>-</strong></span> <span class='ocrx_word' id='word_1_107' title='bbox 1505 2025 1602 2118; x_wconf 84' lang='grc' dir='ltr'><em>άναγ-</em></span> 
     </span>
     <span class='ocr_line' id='line_1_15' title="bbox 480 2123 1602 2222; baseline 0 -22"><span class='ocrx_word' id='word_1_108' title='bbox 480 2137 575 2200; x_wconf 84' lang='grc' dir='ltr'><em>καῖον</em></span> <span class='ocrx_word' id='word_1_109' title='bbox 597 2132 725 2219; x_wconf 77' lang='grc' dir='ltr'><em>ἐγένετο</em></span> <span class='ocrx_word' id='word_1_110' title='bbox 746 2127 937 2217; x_wconf 78' lang='grc' dir='ltr'><em>φείσασθαι</em></span> <span class='ocrx_word' id='word_1_111' title='bbox 957 2134 1032 2198; x_wconf 76' lang='lat' dir='ltr'>sori</span> <span class='ocrx_word' id='word_1_112' title='bbox 1060 2127 1271 2220; x_wconf 74' lang='grc' dir='ltr'><em>πλήθους·</em></span> <span class='ocrx_word' id='word_1_113' title='bbox 1299 2123 1375 2199; x_wconf 80' lang='grc' dir='ltr'><em>οίίτε</em></span> <span class='ocrx_word' id='word_1_114' title='bbox 1405 2131 1468 2222; x_wconf 85' lang='grc' dir='ltr'>γάρ</span> <span class='ocrx_word' id='word_1_115' title='bbox 1492 2127 1511 2199; x_wconf 88' lang='grc' dir='ltr'><em>δ</em></span> <span class='ocrx_word' id='word_1_116' title='bbox 1538 2158 1602 2200; x_wconf 90' lang='grc' dir='ltr'>πα-</span> 
     </span>
     <span class='ocr_line' id='line_1_16' title="bbox 481 2230 1602 2328; baseline 0 -24"><span class='ocrx_word' id='word_1_117' title='bbox 481 2237 549 2327; x_wconf 82' lang='grc' dir='ltr'><em>ρῶν</em></span> <span class='ocrx_word' id='word_1_118' title='bbox 571 2235 689 2326; x_wconf 85' lang='grc' dir='ltr'><em>καιρὸς</em></span> <span class='ocrx_word' id='word_1_119' title='bbox 710 2232 867 2316; x_wconf 78' lang='grc' dir='ltr'><em>ἐνεδίδου,</em></span> <span class='ocrx_word' id='word_1_120' title='bbox 898 2236 1079 2326; x_wconf 81' lang='grc' dir='ltr'><em>ταχυτέραν</em></span> <span class='ocrx_word' id='word_1_121' title='bbox 1101 2230 1253 2303; x_wconf 77' lang='grc' dir='ltr'><em>ἀπαιτῶν</em></span> <span class='ocrx_word' id='word_1_122' title='bbox 1274 2230 1296 2325; x_wconf 79' lang='grc' dir='ltr'>ἢ</span> <span class='ocrx_word' id='word_1_123' title='bbox 1316 2239 1528 2328; x_wconf 80' lang='grc' dir='ltr'><em>μακροτέραν</em></span> <span class='ocrx_word' id='word_1_124' title='bbox 1549 2240 1602 2327; x_wconf 78' lang='grc' dir='ltr'>τὴν</span> 
     </span>
     <span class='ocr_line' id='line_1_17' title="bbox 480 2338 1598 2433; baseline -0.002 -23"><span class='ocrx_word' id='word_1_125' title='bbox 480 2338 656 2433; x_wconf 75' lang='grc' dir='ltr'><em>εὐφημίαν,</em></span> <span class='ocrx_word' id='word_1_126' title='bbox 673 2340 808 2407; x_wconf 81' lang='lat' dir='ltr'><strong>simodo</strong></span> <span class='ocrx_word' id='word_1_127' title='bbox 823 2340 957 2427; x_wconf 74' lang='grc' dir='ltr'><em>πλῆθος</em></span> <span class='ocrx_word' id='word_1_128' title='bbox 967 2346 1053 2408; x_wconf 87' lang='lat' dir='ltr'>reete</span> <span class='ocrx_word' id='word_1_129' title='bbox 1071 2341 1270 2426; x_wconf 85' lang='lat' dir='ltr'>intellegitur</span> <span class='ocrx_word' id='word_1_130' title='bbox 1282 2339 1322 2406; x_wconf 89' lang='lat' dir='ltr'>de</span> <span class='ocrx_word' id='word_1_131' title='bbox 1338 2343 1493 2409; x_wconf 88' lang='lat' dir='ltr'>sermonis</span> <span class='ocrx_word' id='word_1_132' title='bbox 1505 2343 1598 2410; x_wconf 86' lang='lat' dir='ltr'>abnn-</span> 
     </span>
     <span class='ocr_line' id='line_1_18' title="bbox 482 2444 1602 2530; baseline 0.001 -19"><span class='ocrx_word' id='word_1_133' title='bbox 482 2447 609 2523; x_wconf 85' lang='lat' dir='ltr'>dantia,</span> <span class='ocrx_word' id='word_1_134' title='bbox 628 2466 666 2510; x_wconf 79' lang='lat' dir='ltr'>aa</span> <span class='ocrx_word' id='word_1_135' title='bbox 680 2466 744 2509; x_wconf 92' lang='lat' dir='ltr'>non</span> <span class='ocrx_word' id='word_1_136' title='bbox 765 2444 886 2525; x_wconf 83' lang='lat' dir='ltr'>potius,</span> <span class='ocrx_word' id='word_1_137' title='bbox 908 2466 970 2527; x_wconf 90' lang='lat' dir='ltr'>quo</span> <span class='ocrx_word' id='word_1_138' title='bbox 992 2445 1094 2530; x_wconf 79' lang='lat' dir='ltr'><strong>magis</strong></span> <span class='ocrx_word' id='word_1_139' title='bbox 1115 2445 1312 2527; x_wconf 81' lang='lat' dir='ltr'>propendere</span> <span class='ocrx_word' id='word_1_140' title='bbox 1328 2444 1454 2512; x_wconf 85' lang='lat' dir='ltr'>videtur</span> <span class='ocrx_word' id='word_1_141' title='bbox 1470 2447 1550 2514; x_wconf 87' lang='lat' dir='ltr'>Geel</span> <span class='ocrx_word' id='word_1_142' title='bbox 1564 2447 1602 2512; x_wconf 85' lang='lat' dir='ltr'>ad</span> 
     </span>
    </p>
   </div>
   <div class='ocr_carea' id='block_1_3' title="bbox 480 2546 1682 2637">
    <p class='ocr_par' dir='ltr' id='par_1_4' title="bbox 480 2546 1682 2637">
     <span class='ocr_line' id='line_1_19' title="bbox 480 2546 1682 2637; baseline -0.004 -22"><span class='ocrx_word' id='word_1_143' title='bbox 480 2551 575 2617; x_wconf 88' lang='lat' dir='ltr'>Dion.</span> <span class='ocrx_word' id='word_1_144' title='bbox 590 2548 698 2631; x_wconf 82' lang='lat' dir='ltr'>Chrys.</span> <span class='ocrx_word' id='word_1_145' title='bbox 712 2568 743 2629; x_wconf 94' lang='lat' dir='ltr'>p.</span> <span class='ocrx_word' id='word_1_146' title='bbox 756 2550 805 2625; x_wconf 83' lang='grc'><em>84,</em></span> <span class='ocrx_word' id='word_1_147' title='bbox 820 2546 860 2612; x_wconf 91' lang='lat' dir='ltr'>de</span> <span class='ocrx_word' id='word_1_148' title='bbox 874 2547 1055 2614; x_wconf 86' lang='lat' dir='ltr'>auditorum</span> <span class='ocrx_word' id='word_1_149' title='bbox 1072 2548 1259 2633; x_wconf 70' lang='lat' dir='ltr'>frequentia,</span> <span class='ocrx_word' id='word_1_150' title='bbox 1281 2570 1474 2634; x_wconf 87' lang='lat' dir='ltr'>quamquam</span> <span class='ocrx_word' id='word_1_151' title='bbox 1495 2547 1600 2637; x_wconf 84' lang='grc' dir='ltr'><em>λόγων</em></span> <span class='ocrx_word' id='word_1_152' title='bbox 1681 2563 1682 2610; x_wconf 61' lang='lat' dir='ltr'>l</span> 
     </span>
    </p>
   </div>
   <div class='ocr_carea' id='block_1_4' title="bbox 479 2648 1602 2847">
    <p class='ocr_par' dir='ltr' id='par_1_5' title="bbox 479 2648 1602 2847">
     <span class='ocr_line' id='line_1_20' title="bbox 480 2648 1602 2741; baseline 0.003 -24"><span class='ocrx_word' id='word_1_153' title='bbox 480 2649 590 2741; x_wconf 88' lang='grc' dir='ltr'><em>σωρός</em></span> <span class='ocrx_word' id='word_1_154' title='bbox 609 2651 652 2717; x_wconf 86' lang='lat' dir='ltr'>ad</span> <span class='ocrx_word' id='word_1_155' title='bbox 672 2651 774 2716; x_wconf 79' lang='lat' dir='ltr'>instar</span> <span class='ocrx_word' id='word_1_156' title='bbox 796 2649 949 2734; x_wconf 83' lang='grc' dir='ltr'><em>ποταμὸς</em></span> <span class='ocrx_word' id='word_1_157' title='bbox 970 2648 1125 2739; x_wconf 78' lang='grc' dir='ltr'><em>ῥημάτων</em></span> <span class='ocrx_word' id='word_1_158' title='bbox 1151 2651 1201 2718; x_wconf 88' lang='lat' dir='ltr'>vel</span> <span class='ocrx_word' id='word_1_159' title='bbox 1223 2654 1281 2717; x_wconf 84' lang='grc' dir='ltr'><em>νοῦ</em></span> <span class='ocrx_word' id='word_1_160' title='bbox 1302 2652 1494 2740; x_wconf 89' lang='grc' dir='ltr'><em>σταλαγμός</em></span> <span class='ocrx_word' id='word_1_161' title='bbox 1523 2653 1602 2720; x_wconf 83' lang='lat' dir='ltr'>dixit</span> 
     </span>
     <span class='ocr_line' id='line_1_21' title="bbox 479 2750 1601 2847; baseline 0.004 -24"><span class='ocrx_word' id='word_1_162' title='bbox 479 2756 577 2823; x_wconf 79' lang='lat' dir='ltr'>etiam</span> <span class='ocrx_word' id='word_1_163' title='bbox 598 2753 709 2824; x_wconf 82' lang='lat' dir='ltr'>Liban.</span> <span class='ocrx_word' id='word_1_164' title='bbox 731 2754 809 2822; x_wconf 84' lang='lat' dir='ltr'>decl</span> <span class='ocrx_word' id='word_1_165' title='bbox 837 2753 892 2823; x_wconf 86' lang='lat' dir='ltr'>IV.</span> <span class='ocrx_word' id='word_1_166' title='bbox 912 2776 943 2839; x_wconf 90' lang='lat' dir='ltr'>p.</span> <span class='ocrx_word' id='word_1_167' title='bbox 970 2761 1037 2835; x_wconf 86' lang='grc'><em>139,</em></span> <span class='ocrx_word' id='word_1_168' title='bbox 1061 2763 1079 2825; x_wconf 88' lang='grc'>9</span> <span class='ocrx_word' id='word_1_169' title='bbox 1102 2757 1157 2823; x_wconf 81' lang='lat' dir='ltr'>alii</span> <span class='ocrx_word' id='word_1_170' title='bbox 1180 2761 1213 2824; x_wconf 87' lang='lat' dir='ltr'>et</span> <span class='ocrx_word' id='word_1_171' title='bbox 1234 2750 1389 2846; x_wconf 79' lang='grc' dir='ltr'><em>δρμαδὸς</em></span> <span class='ocrx_word' id='word_1_172' title='bbox 1410 2761 1474 2825; x_wconf 84' lang='grc' dir='ltr'>τῶν</span> <span class='ocrx_word' id='word_1_173' title='bbox 1497 2756 1601 2847; x_wconf 87' lang='grc' dir='ltr'><em>λόγων</em></span> 
     </span>
    </p>
   </div>
   <div class='ocr_carea' id='block_1_5' title="bbox 478 2861 1681 2950">
    <p class='ocr_par' dir='ltr' id='par_1_6' title="bbox 478 2861 1681 2950">
     <span class='ocr_line' id='line_1_22' title="bbox 478 2861 1681 2950; baseline 0.005 -21"><span class='ocrx_word' id='word_1_174' title='bbox 478 2864 628 2930; x_wconf 84' lang='lat' dir='ltr'>Themist</span> <span class='ocrx_word' id='word_1_175' title='bbox 656 2884 701 2930; x_wconf 91' lang='lat' dir='ltr'>or.</span> <span class='ocrx_word' id='word_1_176' title='bbox 733 2861 859 2941; x_wconf 88' lang='lat' dir='ltr'>XXIII,</span> <span class='ocrx_word' id='word_1_177' title='bbox 887 2864 985 2929; x_wconf 74' lang='grc'><em>2880</em></span> <span class='ocrx_word' id='word_1_178' title='bbox 1015 2863 1132 2950; x_wconf 86' lang='lat' dir='ltr'>(quode</span> <span class='ocrx_word' id='word_1_179' title='bbox 1154 2886 1192 2930; x_wconf 90' lang='lat' dir='ltr'>ae</span> <span class='ocrx_word' id='word_1_180' title='bbox 1220 2865 1376 2932; x_wconf 89' lang='lat' dir='ltr'><strong>similibus</strong></span> <span class='ocrx_word' id='word_1_181' title='bbox 1405 2866 1600 2949; x_wconf 86' lang='lat' dir='ltr'>quibusdam,</span> <span class='ocrx_word' id='word_1_182' title='bbox 1680 2894 1681 2897; x_wconf 44' lang='lat'>¹</span> 
     </span>
    </p>
   </div>
   <div class='ocr_carea' id='block_1_6' title="bbox 478 2957 1601 3155">
    <p class='ocr_par' dir='ltr' id='par_1_7' title="bbox 478 2957 1601 3155">
     <span class='ocr_line' id='line_1_23' title="bbox 478 2957 1601 3054; baseline 0.004 -23"><span class='ocrx_word' id='word_1_183' title='bbox 478 2966 593 3050; x_wconf 87' lang='lat' dir='ltr'><strong>quibus</strong></span> <span class='ocrx_word' id='word_1_184' title='bbox 615 2962 792 3031; x_wconf 76' lang='lat' dir='ltr'>addiderim</span> <span class='ocrx_word' id='word_1_185' title='bbox 815 2962 924 3052; x_wconf 87' lang='grc' dir='ltr'><em>φρέαρ</em></span> <span class='ocrx_word' id='word_1_186' title='bbox 949 2957 1099 3054; x_wconf 82' lang='grc' dir='ltr'><em>ἀποριῶν</em></span> <span class='ocrx_word' id='word_1_187' title='bbox 1120 2966 1206 3049; x_wconf 89' lang='lat' dir='ltr'>apud</span> <span class='ocrx_word' id='word_1_188' title='bbox 1227 2966 1352 3033; x_wconf 81' lang='lat' dir='ltr'><strong>Annam</strong></span> <span class='ocrx_word' id='word_1_189' title='bbox 1373 2990 1404 3050; x_wconf 92' lang='lat' dir='ltr'>p.</span> <span class='ocrx_word' id='word_1_190' title='bbox 1427 2974 1506 3048; x_wconf 80' lang='grc'><em>261,</em></span> <span class='ocrx_word' id='word_1_191' title='bbox 1529 2976 1548 3037; x_wconf 89' lang='lat'>6</span> <span class='ocrx_word' id='word_1_192' title='bbox 1571 2977 1601 3036; x_wconf 88' lang='lat' dir='ltr'>et</span> 
     </span>
     <span class='ocr_line' id='line_1_24' title="bbox 480 3062 1599 3155; baseline 0.005 -24"><span class='ocrx_word' id='word_1_193' title='bbox 480 3066 627 3150; x_wconf 84' lang='grc' dir='ltr'><em>πέλαγος</em></span> <span class='ocrx_word' id='word_1_194' title='bbox 647 3062 857 3151; x_wconf 78' lang='grc' dir='ltr'><em>διηγημάτων</em></span> <span class='ocrx_word' id='word_1_195' title='bbox 871 3086 902 3146; x_wconf 89' lang='lat' dir='ltr'>p.</span> <span class='ocrx_word' id='word_1_196' title='bbox 914 3070 984 3144; x_wconf 80' lang='lat'><strong>264,</strong></span> <span class='ocrx_word' id='word_1_197' title='bbox 1010 3073 1055 3145; x_wconf 84' lang='lat'>15,</span> <span class='ocrx_word' id='word_1_198' title='bbox 1075 3066 1238 3133; x_wconf 77' lang='lat' dir='ltr'>adnotavit</span> <span class='ocrx_word' id='word_1_199' title='bbox 1251 3068 1378 3135; x_wconf 83' lang='lat' dir='ltr'>Lobeck</span> <span class='ocrx_word' id='word_1_200' title='bbox 1398 3069 1432 3133; x_wconf 93' lang='lat' dir='ltr'>in</span> <span class='ocrx_word' id='word_1_201' title='bbox 1447 3070 1599 3155; x_wconf 86' lang='lat' dir='ltr'>Aglaoph.</span> 
     </span>
    </p>
   </div>
   <div class='ocr_carea' id='block_1_7' title="bbox 478 3165 1680 3253">
    <p class='ocr_par' dir='ltr' id='par_1_8' title="bbox 478 3165 1680 3253">
     <span class='ocr_line' id='line_1_25' title="bbox 478 3165 1680 3253; baseline 0.004 -18"><span class='ocrx_word' id='word_1_202' title='bbox 478 3188 509 3251; x_wconf 88' lang='lat' dir='ltr'>p.</span> <span class='ocrx_word' id='word_1_203' title='bbox 533 3172 595 3234; x_wconf 85' lang='grc'>643</span> <span class='ocrx_word' id='word_1_204' title='bbox 613 3165 686 3249; x_wconf 72' lang='grc'>[(11).</span> <span class='ocrx_word' id='word_1_205' title='bbox 734 3165 844 3248; x_wconf 87' lang='lat' dir='ltr'>Neque</span> <span class='ocrx_word' id='word_1_206' title='bbox 864 3187 994 3248; x_wconf 90' lang='lat' dir='ltr'>prorsus</span> <span class='ocrx_word' id='word_1_207' title='bbox 1023 3167 1128 3234; x_wconf 86' lang='lat' dir='ltr'>aliena</span> <span class='ocrx_word' id='word_1_208' title='bbox 1149 3170 1274 3252; x_wconf 86' lang='lat' dir='ltr'>Eunapi</span> <span class='ocrx_word' id='word_1_209' title='bbox 1296 3192 1325 3253; x_wconf 92' lang='lat' dir='ltr'>p.</span> <span class='ocrx_word' id='word_1_210' title='bbox 1352 3178 1426 3252; x_wconf 81' lang='grc'><em>105,</em></span> <span class='ocrx_word' id='word_1_211' title='bbox 1456 3174 1512 3240; x_wconf 87' lang='lat' dir='ltr'>ubi</span> <span class='ocrx_word' id='word_1_212' title='bbox 1532 3174 1598 3240; x_wconf 89' lang='lat' dir='ltr'>Ori·</span> <span class='ocrx_word' id='word_1_213' title='bbox 1679 3232 1680 3245; x_wconf 75' lang='lat'>.</span> 
     </span>
    </p>
   </div>
   <div class='ocr_carea' id='block_1_8' title="bbox 475 3264 1602 3672">
    <p class='ocr_par' dir='ltr' id='par_1_9' title="bbox 475 3264 1602 3672">
     <span class='ocr_line' id='line_1_26' title="bbox 480 3264 1602 3358; baseline 0.003 -18"><span class='ocrx_word' id='word_1_214' title='bbox 480 3272 586 3340; x_wconf 83' lang='lat' dir='ltr'><strong>basius</strong></span> <span class='ocrx_word' id='word_1_215' title='bbox 615 3274 764 3335; x_wconf 79' lang='lat' dir='ltr'>narratur</span> <span class='ocrx_word' id='word_1_216' title='bbox 792 3265 894 3352; x_wconf 86' lang='grc' dir='ltr'><em>μόνον</em></span> <span class='ocrx_word' id='word_1_217' title='bbox 923 3264 1039 3336; x_wconf 76' lang='grc' dir='ltr'><em>ἑαυτὸν</em></span> <span class='ocrx_word' id='word_1_218' title='bbox 1059 3266 1140 3353; x_wconf 61' lang='lat' dir='ltr'>dictor</span> <span class='ocrx_word' id='word_1_219' title='bbox 1163 3266 1236 3339; x_wconf 81' lang='grc' dir='ltr'><em>α’ντί</em></span> <span class='ocrx_word' id='word_1_220' title='bbox 1265 3270 1376 3358; x_wconf 86' lang='grc' dir='ltr'><em>πάσης</em></span> <span class='ocrx_word' id='word_1_221' title='bbox 1404 3273 1521 3355; x_wconf 82' lang='grc' dir='ltr'><em>οὐσίας</em></span> <span class='ocrx_word' id='word_1_222' title='bbox 1549 3278 1602 3343; x_wconf 86' lang='grc' dir='ltr'>καί</span> 
     </span>
     <span class='ocr_line' id='line_1_27' title="bbox 477 3367 1600 3466; baseline 0.001 -20"><span class='ocrx_word' id='word_1_223' title='bbox 477 3375 535 3446; x_wconf 89' lang='grc' dir='ltr'>τδν</span> <span class='ocrx_word' id='word_1_224' title='bbox 562 3371 632 3444; x_wconf 82' lang='grc' dir='ltr'>άπὸ</span> <span class='ocrx_word' id='word_1_225' title='bbox 661 3376 743 3442; x_wconf 91' lang='grc' dir='ltr'>τῶν</span> <span class='ocrx_word' id='word_1_226' title='bbox 778 3367 939 3463; x_wconf 77' lang='grc' dir='ltr'><em>ἀρετῶν</em></span> <span class='ocrx_word' id='word_1_227' title='bbox 975 3373 1167 3442; x_wconf 78' lang='grc' dir='ltr'><em>πλοῦτον</em></span> <span class='ocrx_word' id='word_1_228' title='bbox 1197 3375 1481 3461; x_wconf 78' lang='grc' dir='ltr'><em>ἐπιδεικνύμενος,</em></span> <span class='ocrx_word' id='word_1_229' title='bbox 1521 3404 1600 3466; x_wconf 88' lang='lat' dir='ltr'>quae</span> 
     </span>
     <span class='ocr_line' id='line_1_28' title="bbox 478 3474 1599 3563; baseline 0.001 -16"><span class='ocrx_word' id='word_1_230' title='bbox 478 3479 590 3547; x_wconf 88' lang='lat' dir='ltr'>eodem</span> <span class='ocrx_word' id='word_1_231' title='bbox 611 3476 705 3544; x_wconf 89' lang='lat' dir='ltr'>modo</span> <span class='ocrx_word' id='word_1_232' title='bbox 724 3474 871 3557; x_wconf 84' lang='lat' dir='ltr'>copulata</span> <span class='ocrx_word' id='word_1_233' title='bbox 889 3474 1039 3559; x_wconf 84' lang='lat' dir='ltr'>leguntur</span> <span class='ocrx_word' id='word_1_234' title='bbox 1059 3476 1145 3560; x_wconf 90' lang='lat' dir='ltr'>apud</span> <span class='ocrx_word' id='word_1_235' title='bbox 1174 3474 1203 3542; x_wconf 90' lang='lat' dir='ltr'>S.</span> <span class='ocrx_word' id='word_1_236' title='bbox 1233 3475 1489 3563; x_wconf 78' lang='lat' dir='ltr'>Chrysostomum</span> <span class='ocrx_word' id='word_1_237' title='bbox 1517 3478 1599 3549; x_wconf 89' lang='lat' dir='ltr'>hom.</span> 
     </span>
     <span class='ocr_line' id='line_1_29' title="bbox 475 3576 1597 3672; baseline 0 -23"><span class='ocrx_word' id='word_1_238' title='bbox 475 3586 511 3649; x_wconf 89' lang='lat' dir='ltr'>in</span> <span class='ocrx_word' id='word_1_239' title='bbox 537 3583 662 3666; x_wconf 91' lang='lat' dir='ltr'>Ioseph.</span> <span class='ocrx_word' id='word_1_240' title='bbox 686 3602 717 3664; x_wconf 92' lang='lat' dir='ltr'>p.</span> <span class='ocrx_word' id='word_1_241' title='bbox 743 3588 833 3647; x_wconf 77' lang='lat' dir='ltr'>illa</span> <span class='ocrx_word' id='word_1_242' title='bbox 851 3579 886 3644; x_wconf 75' lang='lat' dir='ltr'>F.</span> <span class='ocrx_word' id='word_1_243' title='bbox 918 3576 1098 3669; x_wconf 85' lang='grc' dir='ltr'><em>πριάμενοι</em></span> <span class='ocrx_word' id='word_1_244' title='bbox 1130 3577 1187 3645; x_wconf 88' lang='grc' dir='ltr'><em>τδυ</em></span> <span class='ocrx_word' id='word_1_245' title='bbox 1210 3580 1355 3647; x_wconf 85' lang='grc' dir='ltr'><em>πλοῦτον</em></span> <span class='ocrx_word' id='word_1_246' title='bbox 1378 3584 1440 3648; x_wconf 90' lang='grc' dir='ltr'>τῶν</span> <span class='ocrx_word' id='word_1_247' title='bbox 1463 3576 1597 3672; x_wconf 79' lang='grc' dir='ltr'><em>ἀρετῶν,</em></span> 
     </span>
    </p>
   </div>
   <div class='ocr_carea' id='block_1_9' title="bbox 476 3681 1601 3771">
    <p class='ocr_par' dir='ltr' id='par_1_10' title="bbox 476 3681 1601 3771">
     <span class='ocr_line' id='line_1_30' title="bbox 476 3681 1601 3771; baseline -0.001 -19"><span class='ocrx_word' id='word_1_248' title='bbox 476 3687 631 3771; x_wconf 88' lang='lat' dir='ltr'>producta</span> <span class='ocrx_word' id='word_1_249' title='bbox 651 3708 690 3753; x_wconf 89' lang='lat' dir='ltr'>ea</span> <span class='ocrx_word' id='word_1_250' title='bbox 707 3687 773 3752; x_wconf 90' lang='lat' dir='ltr'>iam</span> <span class='ocrx_word' id='word_1_251' title='bbox 785 3707 806 3752; x_wconf 90' lang='lat' dir='ltr'>a</span> <span class='ocrx_word' id='word_1_252' title='bbox 820 3683 1026 3751; x_wconf 88' lang='lat' dir='ltr'>Boissonadio</span> <span class='ocrx_word' id='word_1_253' title='bbox 1042 3684 1084 3751; x_wconf 85' lang='lat' dir='ltr'>ad</span> <span class='ocrx_word' id='word_1_254' title='bbox 1097 3681 1212 3749; x_wconf 83' lang='lat' dir='ltr'>Athen.</span> <span class='ocrx_word' id='word_1_255' title='bbox 1229 3683 1403 3770; x_wconf 84' lang='lat' dir='ltr'>Schweigh.</span> <span class='ocrx_word' id='word_1_256' title='bbox 1419 3686 1506 3752; x_wconf 87' lang='lat' dir='ltr'>Tom.</span> <span class='ocrx_word' id='word_1_257' title='bbox 1522 3686 1601 3753; x_wconf 90' lang='lat' dir='ltr'>VIII</span> 
     </span>
    </p>
   </div>
   <div class='ocr_carea' id='block_1_10' title="bbox 478 3788 1678 3978">
    <p class='ocr_par' dir='ltr' id='par_1_11' title="bbox 478 3788 1678 3978">
     <span class='ocr_line' id='line_1_31' title="bbox 478 3788 1678 3889; baseline 0.001 -32"><span class='ocrx_word' id='word_1_258' title='bbox 478 3813 509 3875; x_wconf 93' lang='lat' dir='ltr'>p.</span> <span class='ocrx_word' id='word_1_259' title='bbox 525 3795 587 3857; x_wconf 84' lang='grc'>466</span> <span class='ocrx_word' id='word_1_260' title='bbox 599 3810 644 3873; x_wconf 88' lang='lat' dir='ltr'>sq.</span> <span class='ocrx_word' id='word_1_261' title='bbox 666 3794 700 3853; x_wconf 89' lang='lat' dir='ltr'>et</span> <span class='ocrx_word' id='word_1_262' title='bbox 719 3789 761 3855; x_wconf 86' lang='lat' dir='ltr'>ad</span> <span class='ocrx_word' id='word_1_263' title='bbox 779 3788 969 3857; x_wconf 78' lang='lat' dir='ltr'>Aristaenet.</span> <span class='ocrx_word' id='word_1_264' title='bbox 991 3788 1016 3868; x_wconf 93' lang='grc' dir='ltr'><em>Ι,</em></span> <span class='ocrx_word' id='word_1_265' title='bbox 1042 3795 1057 3853; x_wconf 92' lang='grc'><em>1</em></span> <span class='ocrx_word' id='word_1_266' title='bbox 1081 3808 1112 3869; x_wconf 90' lang='lat' dir='ltr'>p.</span> <span class='ocrx_word' id='word_1_267' title='bbox 1134 3790 1196 3854; x_wconf 79' lang='lat'>238</span> <span class='ocrx_word' id='word_1_268' title='bbox 1218 3810 1263 3873; x_wconf 92' lang='lat' dir='ltr'>sq.</span> <span class='ocrx_word' id='word_1_269' title='bbox 1306 3790 1448 3857; x_wconf 85' lang='lat' dir='ltr'>Eandem</span> <span class='ocrx_word' id='word_1_270' title='bbox 1468 3790 1598 3858; x_wconf 88' lang='lat' dir='ltr'>locutio·</span> <span class='ocrx_word' id='word_1_271' title='bbox 1677 3850 1678 3889; x_wconf 37' lang='grc' dir='ltr'><em>η</em></span> 
     </span>
     <span class='ocr_line' id='line_1_32' title="bbox 480 3894 1600 3978; baseline 0 -15"><span class='ocrx_word' id='word_1_272' title='bbox 480 3919 554 3966; x_wconf 91' lang='lat' dir='ltr'>nem</span> <span class='ocrx_word' id='word_1_273' title='bbox 574 3894 704 3978; x_wconf 89' lang='lat' dir='ltr'>plurimi</span> <span class='ocrx_word' id='word_1_274' title='bbox 725 3899 762 3957; x_wconf 91' lang='lat' dir='ltr'>ut</span> <span class='ocrx_word' id='word_1_275' title='bbox 774 3915 834 3975; x_wconf 87' lang='lat' dir='ltr'>par</span> <span class='ocrx_word' id='word_1_276' title='bbox 848 3901 918 3962; x_wconf 89' lang='lat' dir='ltr'>erat</span> <span class='ocrx_word' id='word_1_277' title='bbox 938 3894 1144 3977; x_wconf 88' lang='lat' dir='ltr'>deperierunt</span> <span class='ocrx_word' id='word_1_278' title='bbox 1162 3895 1331 3976; x_wconf 85' lang='lat' dir='ltr'>scriptores</span> <span class='ocrx_word' id='word_1_279' title='bbox 1351 3896 1440 3975; x_wconf 86' lang='lat' dir='ltr'>sacri,</span> <span class='ocrx_word' id='word_1_280' title='bbox 1461 3898 1600 3963; x_wconf 91' lang='lat' dir='ltr'><strong>omnium</strong></span> 
     </span>
    </p>
   </div>
   <div class='ocr_carea' id='block_1_11' title="bbox 478 3995 1601 4087">
    <p class='ocr_par' dir='ltr' id='par_1_12' title="bbox 478 3995 1601 4087">
     <span class='ocr_line' id='line_1_33' title="bbox 478 3995 1601 4087; baseline -0.004 -19"><span class='ocrx_word' id='word_1_281' title='bbox 478 4000 614 4067; x_wconf 83' lang='lat' dir='ltr'>maxime</span> <span class='ocrx_word' id='word_1_282' title='bbox 634 3995 862 4074; x_wconf 87' lang='lat' dir='ltr'>Theodoretus,</span> <span class='ocrx_word' id='word_1_283' title='bbox 891 4016 994 4080; x_wconf 88' lang='lat' dir='ltr'>equo</span> <span class='ocrx_word' id='word_1_284' title='bbox 1015 3996 1092 4060; x_wconf 88' lang='lat' dir='ltr'>satis</span> <span class='ocrx_word' id='word_1_285' title='bbox 1112 3999 1160 4059; x_wconf 87' lang='lat' dir='ltr'>est</span> <span class='ocrx_word' id='word_1_286' title='bbox 1188 3997 1311 4063; x_wconf 82' lang='lat' dir='ltr'>enotari</span> <span class='ocrx_word' id='word_1_287' title='bbox 1342 3998 1489 4076; x_wconf 81' lang='grc' dir='ltr'><em>πλοῦτος</em></span> <span class='ocrx_word' id='word_1_288' title='bbox 1513 4022 1601 4087; x_wconf 89' lang='grc' dir='ltr'><em>παρ-</em></span> 
     </span>
    </p>
   </div>
   <div class='ocr_carea' id='block_1_12' title="bbox 477 4099 1677 4188">
    <p class='ocr_par' dir='ltr' id='par_1_13' title="bbox 477 4099 1677 4188">
     <span class='ocr_line' id='line_1_34' title="bbox 477 4099 1677 4188; baseline -0.005 -15"><span class='ocrx_word' id='word_1_289' title='bbox 477 4106 610 4184; x_wconf 70' lang='grc' dir='ltr'><em>θενίας,</em></span> <span class='ocrx_word' id='word_1_290' title='bbox 642 4101 727 4188; x_wconf 90' lang='lat' dir='ltr'>quod</span> <span class='ocrx_word' id='word_1_291' title='bbox 755 4099 877 4165; x_wconf 90' lang='lat' dir='ltr'>homini</span> <span class='ocrx_word' id='word_1_292' title='bbox 902 4100 1050 4186; x_wconf 84' lang='lat' dir='ltr'>theologo</span> <span class='ocrx_word' id='word_1_293' title='bbox 1080 4099 1170 4166; x_wconf 84' lang='lat' dir='ltr'>audit</span> <span class='ocrx_word' id='word_1_294' title='bbox 1196 4105 1365 4183; x_wconf 76' lang='grc' dir='ltr'><em>σαιίτίισίυε,</em></span> <span class='ocrx_word' id='word_1_295' title='bbox 1393 4108 1426 4168; x_wconf 85' lang='lat' dir='ltr'>et</span> <span class='ocrx_word' id='word_1_296' title='bbox 1455 4104 1600 4179; x_wconf 79' lang='grc' dir='ltr'><em>πλοῦτος</em></span> <span class='ocrx_word' id='word_1_297' title='bbox 1676 4164 1677 4167; x_wconf 74' lang='grc'><em>,</em></span> 
     </span>
    </p>
   </div>
   <div class='ocr_carea' id='block_1_13' title="bbox 478 4203 1600 4498">
    <p class='ocr_par' dir='ltr' id='par_1_14' title="bbox 478 4203 1600 4498">
     <span class='ocr_line' id='line_1_35' title="bbox 478 4203 1032 4298; baseline -0.014 -21"><span class='ocrx_word' id='word_1_298' title='bbox 478 4205 611 4298; x_wconf 78' lang='grc' dir='ltr'><em>ἁγνείας</em></span> <span class='ocrx_word' id='word_1_299' title='bbox 640 4207 765 4291; x_wconf 82' lang='lat' dir='ltr'>aliaque</span> <span class='ocrx_word' id='word_1_300' title='bbox 786 4203 904 4269; x_wconf 78' lang='lat' dir='ltr'>similia</span> <span class='ocrx_word' id='word_1_301' title='bbox 923 4204 1032 4270; x_wconf 83' lang='lat' dir='ltr'>multa.</span> 
     </span>
     <span class='ocr_line' id='line_1_36' title="bbox 562 4307 1600 4393; baseline -0.008 -14"><span class='ocrx_word' id='word_1_302' title='bbox 562 4314 687 4379; x_wconf 82' lang='lat' dir='ltr'>Tertius</span> <span class='ocrx_word' id='word_1_303' title='bbox 707 4311 795 4377; x_wconf 89' lang='lat' dir='ltr'>locus</span> <span class='ocrx_word' id='word_1_304' title='bbox 815 4328 968 4393; x_wconf 87' lang='lat' dir='ltr'>perquam</span> <span class='ocrx_word' id='word_1_305' title='bbox 986 4307 1208 4389; x_wconf 86' lang='lat' dir='ltr'>memorabilis,</span> <span class='ocrx_word' id='word_1_306' title='bbox 1229 4307 1269 4373; x_wconf 92' lang='lat' dir='ltr'>de</span> <span class='ocrx_word' id='word_1_307' title='bbox 1283 4327 1347 4392; x_wconf 90' lang='lat' dir='ltr'>quo</span> <span class='ocrx_word' id='word_1_308' title='bbox 1359 4328 1424 4373; x_wconf 92' lang='lat' dir='ltr'>non</span> <span class='ocrx_word' id='word_1_309' title='bbox 1441 4307 1600 4375; x_wconf 87' lang='lat' dir='ltr'>inutiliter</span> 
     </span>
     <span class='ocr_line' id='line_1_37' title="bbox 478 4408 1597 4498; baseline -0.005 -17"><span class='ocrx_word' id='word_1_310' title='bbox 478 4414 670 4498; x_wconf 82' lang='lat' dir='ltr'>disputatmi</span> <span class='ocrx_word' id='word_1_311' title='bbox 684 4412 777 4479; x_wconf 92' lang='lat' dir='ltr'><strong>nobis</strong></span> <span class='ocrx_word' id='word_1_312' title='bbox 793 4430 860 4478; x_wconf 83' lang='lat' dir='ltr'>esse</span> <span class='ocrx_word' id='word_1_313' title='bbox 874 4409 1026 4489; x_wconf 83' lang='lat' dir='ltr'>videmur,</span> <span class='ocrx_word' id='word_1_314' title='bbox 1042 4409 1191 4495; x_wconf 90' lang='lat' dir='ltr'>quoniam</span> <span class='ocrx_word' id='word_1_315' title='bbox 1207 4408 1348 4475; x_wconf 88' lang='lat' dir='ltr'>nondum</span> <span class='ocrx_word' id='word_1_316' title='bbox 1361 4408 1408 4474; x_wconf 88' lang='lat' dir='ltr'>ita</span> <span class='ocrx_word' id='word_1_317' title='bbox 1421 4414 1597 4491; x_wconf 83' lang='lat' dir='ltr'>pertracta·</span> 
     </span>
    </p>
   </div>
   <div class='ocr_carea' id='block_1_14' title="bbox 477 4634 1598 4807">
    <p class='ocr_par' dir='ltr' id='par_1_15' title="bbox 477 4634 1598 4807">
     <span class='ocr_line' id='line_1_38' title="bbox 546 4634 1598 4709; baseline -0.006 -14"><span class='ocrx_word' id='word_1_318' title='bbox 546 4641 573 4709; x_wconf 70' lang='lat'>¹⁸)</span> <span class='ocrx_word' id='word_1_319' title='bbox 591 4641 674 4694; x_wconf 78' lang='lat' dir='ltr'><strong>Nimis</strong></span> <span class='ocrx_word' id='word_1_320' title='bbox 693 4656 771 4707; x_wconf 70' lang='lat' dir='ltr'>grave</span> <span class='ocrx_word' id='word_1_321' title='bbox 784 4640 888 4693; x_wconf 79' lang='lat' dir='ltr'>videtur</span> <span class='ocrx_word' id='word_1_322' title='bbox 904 4637 978 4704; x_wconf 88' lang='lat' dir='ltr'>quod</span> <span class='ocrx_word' id='word_1_323' title='bbox 997 4634 1080 4690; x_wconf 78' lang='lat' dir='ltr'>Cobet</span> <span class='ocrx_word' id='word_1_324' title='bbox 1099 4635 1196 4694; x_wconf 84' lang='lat' dir='ltr'>Mnem.</span> <span class='ocrx_word' id='word_1_325' title='bbox 1217 4636 1282 4687; x_wconf 89' lang='grc'><em>1860</em></span> <span class='ocrx_word' id='word_1_326' title='bbox 1295 4650 1320 4701; x_wconf 87' lang='lat' dir='ltr'>p.</span> <span class='ocrx_word' id='word_1_327' title='bbox 1333 4634 1382 4687; x_wconf 85' lang='grc'>310</span> <span class='ocrx_word' id='word_1_328' title='bbox 1396 4635 1499 4688; x_wconf 80' lang='lat' dir='ltr'>Platoni</span> <span class='ocrx_word' id='word_1_329' title='bbox 1516 4634 1598 4703; x_wconf 89' lang='lat' dir='ltr'>Soph.</span> 
     </span>
     <span class='ocr_line' id='line_1_39' title="bbox 477 4712 1598 4807; baseline -0.01 -20"><span class='ocrx_word' id='word_1_330' title='bbox 477 4749 503 4807; x_wconf 87' lang='lat' dir='ltr'>p.</span> <span class='ocrx_word' id='word_1_331' title='bbox 517 4727 752 4786; x_wconf 65' lang='lat' dir='ltr'>maenomenon</span> <span class='ocrx_word' id='word_1_332' title='bbox 771 4733 825 4779; x_wconf 81' lang='lat' dir='ltr'>erat</span> <span class='ocrx_word' id='word_1_333' title='bbox 841 4721 963 4780; x_wconf 81' lang='grc' dir='ltr'><em>πλούτου</em></span> <span class='ocrx_word' id='word_1_334' title='bbox 980 4725 1026 4777; x_wconf 80' lang='grc' dir='ltr'>καί</span> <span class='ocrx_word' id='word_1_335' title='bbox 1042 4719 1168 4791; x_wconf 82' lang='grc' dir='ltr'><em>νεότητος</em></span> <span class='ocrx_word' id='word_1_336' title='bbox 1184 4720 1292 4797; x_wconf 77' lang='grc' dir='ltr'><em>ἑτέρους</em></span> <span class='ocrx_word' id='word_1_337' title='bbox 1309 4712 1432 4783; x_wconf 71' lang='lat' dir='ltr'>orirerur</span> <span class='ocrx_word' id='word_1_338' title='bbox 1448 4718 1598 4794; x_wconf 79' lang='grc' dir='ltr'><em>ποταμούς.</em></span> 
     </span>
    </p>
   </div>
   <div class='ocr_carea' id='block_1_15' title="bbox 0 0 1854 5625">
    <p class='ocr_par' dir='ltr' id='par_1_16' title="bbox 0 0 1854 5625">
     <span class='ocr_line' id='line_1_40' title="bbox 0 0 1854 5625; baseline 0 0"><span class='ocrx_word' id='word_1_339' title='bbox 0 0 1854 5625; x_wconf 95' lang='lat' dir='ltr'> </span> 
     </span>
    </p>
   </div>
  </div>
 </body>
</html>
