3700 5625
708 621 1032 684 -59-’

244 780 376 864 cedunt;
403 781 615 865 procederent
635 804 710 850 vero
732 785 759 850 si
781 785 935 869 scriptum
955 791 1039 854 esset
1060 781 1126 854 ὑπὸ
1150 782 1330 876 ξηρότητος
1352 781 1373 876 ἢ

247 877 456 965 πλήθους,
489 886 574 970 quod
603 887 788 956 dubitanter
814 889 878 954 iam
906 889 1033 971 pridem
1064 894 1273 972 proposuerat
1299 887 1371 954 Rei-

244 984 346 1063 skins,
377 989 431 1054 sed
452 1013 546 1056 nemo
578 993 817 1076 obtemperarit.
859 994 909 1060 Ea
938 993 1065 1060 demum
1093 999 1180 1060 recto
1211 993 1372 1060 contraria

242 1091 331 1156 inter
350 1113 382 1156 se
406 1078 597 1158 referuntur.
650 1093 711 1158 cn.
735 1095 860 1174 Quaest.
891 1099 994 1160 natur.
1022 1116 1052 1177 p.
1075 1101 1136 1162 912
1154 1118 1187 1172 e,
1217 1095 1273 1160 ubi
1299 1115 1373 1160 ores

241 1195 283 1260 ad
309 1196 495 1280 lingendum
517 1197 616 1264 salem
644 1197 814 1263 adsuefieri
840 1203 1013 1264 tranantur
1041 1191 1168 1284 ὑγιείας
1197 1193 1292 1262 ἕνεκα
1317 1193 1371 1260 καὶ

243 1301 412 1385 συγκοπῆς
435 1298 599 1387 πλήθους.
645 1301 789 1388 Πλῆθος
810 1306 844 1368 et
867 1298 983 1380 πόθος
1005 1301 1071 1368 iere
1092 1301 1210 1386 ubique
1233 1323 1254 1366 a
1273 1300 1369 1366 libra·

241 1403 299 1467 riis
337 1405 488 1470 confundi
520 1407 677 1485 videmus,
712 1429 776 1491 qua
812 1408 854 1474 de
887 1432 924 1476 re
950 1409 1071 1474 dictum
1106 1415 1155 1476 est
1182 1410 1216 1474 in
1243 1409 1369 1488 Quaest.

241 1513 321 1578 Plut.
345 1515 396 1579 ΙΙΙ
417 1537 446 1597 p.
471 1522 510 1582 12
532 1521 565 1582 et
585 1538 605 1581 a
626 1517 785 1584 Meinekio
806 1517 848 1582 ml
869 1518 1010 1599 Alciphr.
1032 1537 1062 1600 p.
1088 1525 1155 1585 170.

329 1618 452 1684 Iniuria
474 1619 570 1686 credo
591 1620 756 1686 Reislrium
777 1621 964 1687 sollicitasse
982 1621 1087 1688 locum
1109 1618 1214 1705 Symp.
1236 1620 1273 1697 V,
1299 1627 1326 1698 7,
1349 1625 1369 1687 6

241 1727 376 1804 p.683a
395 1722 451 1788 ἵνα
474 1721 520 1810 μή
534 1747 577 1807 με
599 1721 716 1808 δόξητε
738 1724 885 1813 πόρρω
908 1726 1031 1790 νυκτιῦν
1055 1717 1160 1788 οὐσῶν
1185 1717 1260 1804 ὑμῖν
1284 1720 1368 1788 ἑπά-

241 1850 341 1912 μοντα
364 1823 545 1914 φάσματα.
575 1828 746 1912 inquibus
775 1850 847 1894 cum
868 1849 983 1911 parum
1010 1831 1096 1894 recte
1125 1826 1189 1892 dici
1209 1823 1369 1890 videretur

239 1925 274 1992 ui
296 1925 410 2007 νύκτες
431 1926 550 2018 πόρρω
580 1928 662 1995 εἰπόν
684 1952 744 2012 pro
774 1928 892 2020 πόρρω
919 1930 988 1998 ἐστὶ
1013 1935 1074 2017 τῆς
1091 1927 1206 2008 νυκτός
1227 1929 1277 1996 vel
1301 1931 1368 1994 τῶν

239 2040 361 2100 νυκτῶν
389 2038 431 2124 (1.
455 2060 480 2103 e.
514 2042 654 2104 horarum
680 2043 888 2103 nocturnorum
917 2037 972 2104 cfr.
994 2037 1153 2104 Heindorf
1178 2037 1218 2104 ad
1241 2037 1367 2120 Protag.

240 2162 268 2222 p.
292 2148 355 2210 463
377 2148 502 2226 etpost
522 2165 595 2210 eum
617 2143 793 2210 Stallbaum
815 2143 990 2210 adPhileb.
1013 2165 1043 2226 p.
1064 2143 1136 2230 158)
1148 2143 1179 2228 *)
1202 2141 1277 2208 inde
1299 2141 1366 2207 effi·

240 2245 386 2312 ciendum
413 2247 549 2329 putabat
579 2246 696 2334 πόρρω
728 2251 852 2312 νυκτῶν
884 2239 978 2314 οὖσιν
1007 2241 1091 2329 ὑμῖν.
1146 2247 1191 2312 Ac
1220 2245 1369 2310 ridentur

239 2351 370 2416 sanein
392 2351 455 2416 hac
476 2355 637 2416 structura
663 2352 834 2433 scriptores
860 2350 995 2418 eandem
1025 2354 1207 2418 constanter
1228 2349 1366 2416 tenuisse

239 2457 409 2535 rationem,
440 2479 537 2540 quam
566 2461 741 2541 sequuntur
775 2457 811 2522 in
838 2458 1011 2524 notissimis
1041 2458 1106 2523 illis
1136 2453 1251 2546 πόρρω
1280 2449 1366 2522 εἶναι

239 2561 296 2642 τῆς
317 2551 452 2643 ἡλικίας
481 2559 532 2625 rel
553 2563 614 2624 τοῦ
634 2556 712 2643 βίου
733 2560 784 2627 vel
806 2558 924 2650 πόρρω
951 2557 1041 2648 ἥκειν
1064 2559 1190 2649 σοφίας
1212 2562 1367 2629 similibus

239 2665 347 2731 multis
377 2667 454 2751 (cir.
481 2667 592 2732 Iacobs
628 2666 670 2732 ad
696 2667 843 2733 Philostr.
872 2668 937 2732 iun.
967 2689 997 2750 p.
1024 2673 1140 2746 129,6
1173 2668 1366 2736 Boissonedo

238 2773 386 2844 Philostr.
408 2776 484 2843 Her.
505 2798 536 2859 p.
559 2776 651 2861 588),
679 2777 714 2843 in
742 2778 858 2863 quibus
886 2777 1051 2863 genetivus
1079 2797 1247 2860 suspensus
1278 2779 1321 2843 sit
1347 2800 1367 2843 n

240 2880 364 2965 πόρρω,
386 2887 424 2946 nt
438 2882 523 2965 apud
534 2883 614 2950 Plut.
630 2884 750 2950 Romi)
776 2877 857 2969 ἀνὴρ
880 2877 1012 2968 ἡλικίας
1034 2879 1122 2968 ἥκων
1138 2880 1263 2972 πόρρω,
1279 2883 1365 2948 Aem.

237 2982 323 3048 Paul.
352 2990 389 3051 to
413 2976 545 3068 ἡλικίας
577 2975 639 3070 ἤδη
671 2979 788 3071 πρόσω
818 2978 960 3069 γεγονώς
979 2985 1029 3050 vel
1051 2982 1166 3049 omisso
1196 2984 1366 3067 participio

239 3153 451 3165 *—

305 3276 333 3340 *1
353 3277 388 3329 111
400 3278 471 3343 apud
485 3279 546 3333 Plut.
564 3279 665 3345 t‘rotag.
683 3296 707 3345 p.
723 3281 797 3332 310d
816 3283 880 3333 λίαν
898 3276 994 3353 πόρρω
1013 3280 1090 3342 ἔδοξε
1103 3284 1157 3333 τῶν
1171 3284 1278 3335 νυκτῶν
1295 3276 1366 3335 εἶναι

237 3364 277 3414 vel
296 3364 370 3429 npud
390 3363 486 3415 Herod.
509 3363 550 3426 lx,
573 3366 606 3416 44
625 3361 660 3423 ὡς
677 3360 772 3434 πρόσω
791 3368 837 3431 τῆς
856 3362 953 3424 νυκτός
978 3360 1156 3432 προελήλατο.
1199 3365 1245 3415 His
1266 3380 1365 3432 conpo-

239 3455 303 3499 nunt
321 3447 394 3498 Paul.
414 3447 522 3513 Epistol.
542 3450 575 3499 ad
595 3448 670 3501 Rom.
691 3448 762 3513 Xlil,
784 3450 814 3500 12
835 3445 850 3514 ἦ
869 3446 919 3509 νὺξ
935 3453 1103 3519 προέκοψεν,
1123 3450 1234 3513 Appiam
1254 3448 1279 3499 b.
1299 3463 1321 3501 c.
1334 3450 1364 3513 11,

239 3534 271 3585 18
295 3533 401 3599 loseph.
423 3536 451 3588 b.
474 3536 528 3589 iud.
553 3534 597 3600 iV,
621 3537 652 3600 4,
676 3539 692 3588 6
719 3540 765 3601 τῆς
791 3532 887 3593 νυκτός
910 3530 1121 3606 προκοπτούσης
1146 3536 1192 3584 καὶ
1225 3536 1273 3586 τοῦ
1302 3552 1365 3603 χει-

238 3628 332 3692 μῶνος
351 3624 570 3695 ἐπακμάζοντος,
590 3641 621 3677 uc
639 3640 771 3691 peraeque
789 3623 911 3676 Zosimus
929 3624 990 3677 hist.
1010 3624 1019 3673 l
1038 3639 1064 3689 p.
1085 3622 1162 3673 3942
1181 3624 1285 3689 scripsit
1309 3620 1365 3679 πό-

240 3715 327 3784 λεμον
352 3710 547 3784 προκόπτοντα
572 3716 617 3767 ἐπὶ
638 3710 745 3785 χρόνον
769 3702 883 3783 βραχύν.
929 3712 1086 3764 insolentius
1111 3714 1186 3765 etiarn
1212 3718 1237 3763 et
1260 3714 1365 3781 proprio

237 3800 327 3871 Marte,
345 3809 374 3853 ut
392 3804 502 3867 ridetur,
523 3803 681 3869 comptiores
699 3803 831 3871 Byzantii,
852 3801 931 3851 credo
952 3800 1069 3851 similiter
1090 3801 1207 3853 sonantis
1228 3802 1300 3855 verbi
1319 3802 1365 3853 od·

237 3894 315 3958 pulsu
337 3896 364 3945 in
391 3893 504 3944 alienum
527 3895 655 3944 tramitem
682 3894 768 3957 ducti,
794 3897 921 3959 usurpent
943 3886 1112 3959 προκόπτειν
1137 3892 1171 3943 de
1199 3909 1225 3943 re
1250 3893 1366 3959 proximo

237 3981 404 4045 imminente,
423 3981 502 4032 veluti
522 3981 668 4051 Thropbyl.
683 3981 742 4033 hist.
757 3998 783 4046 p.
796 3982 838 4044 51,
859 3982 876 4031 4
893 3978 1058 4050 μετοπώρου
1077 3987 1283 4052 παρενέκυπττν
1298 3977 1364 4046 ὥρα,

237 4078 261 4128 p.
283 4066 349 4129 149,
377 4066 389 4114 1
412 4071 551 4134 χειμῶνος
577 4062 635 4137 ὥρα
657 4070 815 4139 παρέκυπτε
836 4073 861 4119 et
884 4067 938 4119 Leo
958 4056 1028 4120 titre.
1051 4068 1112 4121 hist.
1131 4069 1162 4132 11,
1184 4071 1198 4117 7
1221 4084 1244 4131 p.
1264 4067 1310 4128 24,
1333 4066 1364 4115 14

238 4144 297 4222 ripn
309 4154 359 4203 rori
368 4140 650 4223 ἦροςπροκόπτοντος
660 4155 728 4205 conl.
742 4153 783 4219 111,
796 4156 824 4207 11
836 4170 861 4221 p.
874 4156 917 4221 53,
930 4157 972 4209 24.
990 4157 1066 4221 Apud
1080 4157 1193 4207 cundem
1205 4169 1237 4203 ex
1246 4158 1364 4203 veterum

236 4238 381 4291 imitatione
399 4242 504 4305 ponitur
521 4242 570 4306 111,
589 4242 600 4292 1
619 4258 646 4307 p.
667 4242 716 4307 35,
737 4244 746 4293 1
768 4245 969 4312 μεσοῦντος
992 4237 1043 4310 ἤδη
1061 4245 1110 4295 τοῦ
1128 4230 1193 4307 ἦρος
1211 4238 1362 4304 (Herodian.

237 4325 281 4378 Vll
296 4329 351 4391 3,2
370 4324 540 4399 μεσαζοόσης
556 4326 679 4399 ἡμέρας),
697 4331 767 4396 apud
788 4331 897 4399 Procop.
915 4333 943 4384 b.
962 4347 987 4397 g.
1006 4330 1097 4394 111,16
1116 4344 1140 4393 p.
1155 4328 1243 4391 540,5
1264 4330 1365 4401 θέρους

237 4420 333 4484 μέσου,
353 4418 395 4467 cui
412 4418 521 4467 accedat
540 4418 619 4471 Leon.
640 4418 711 4471 ntae.
729 4419 785 4484 Vll,
806 4424 821 4474 6
839 4436 864 4487 p.
886 4422 945 4484 121,
965 4421 997 4470 23
1014 4422 1109 4489 μέσων
1127 4418 1182 4467 τῶν
1200 4420 1314 4487 νυκτῶν,
1336 4426 1365 4473 ut

238 4505 353 4555 nescium
378 4519 411 4555 en
432 4506 502 4569 apud
527 4508 640 4557 eundem
661 4509 700 4572 V,
720 4511 735 4559 9
754 4524 779 4575 p.
798 4509 847 4573 91,
868 4511 899 4561 10
919 4524 972 4559 non
996 4512 1065 4557 recte
1089 4504 1187 4555 editum
1216 4509 1250 4558 sit
1276 4512 1365 4575 μέσον

238 4592 292 4641 τῶν
306 4591 423 4654 νυκτῶν,
438 4605 517 4655 quam
532 4597 686 4644 structuram
700 4601 827 4661 usurpent
840 4594 958 4662 Byzantii
977 4591 1058 4642 intimi
1077 4590 1186 4658 ordinis,
1206 4598 1364 4658 quamquam

238 4691 290 4727 nou
308 4674 421 4726 multum
446 4676 533 4735 dilicit
557 4678 677 4730 eiusdem
692 4680 788 4732 Leonis
807 4680 851 4745 lV,
874 4680 932 4743 op.
951 4677 1000 4741 69,
1020 4677 1036 4727 4
1063 4680 1174 4751 {lapsine
1200 4676 1272 4753 ὥρας
1293 4676 1374 4730 κατόν

239 4764 268 4822 τὸ
285 4771 465 4839 μεσαίτατον.
