3700 5625
255 740 442 838 προῦχοντι
463 749 538 838 τῆς
558 741 711 835 ὀρυχῆς
730 744 797 834 (ὥς
816 752 920 836 φασι)
943 747 1001 836 τῆν
1020 751 1097 836 γῆν,
1126 743 1215 830 ἴχνος
1236 743 1387 839 ὀρόοιως

254 845 362 936 ἔθηκε
382 847 440 914 καὶ
460 846 500 914 τό
518 852 576 935 τῆς
597 846 699 926 ὕνεως
719 843 916 936 ὑφηγήσατο
939 844 1046 938 ἔργον.
1088 849 1128 914 Iu
1147 849 1198 914 his
1219 871 1312 916 nemo
1332 874 1383 918 ac-

254 957 421 1040 quiescere
440 957 561 1038 poterit
575 957 612 1020 in
628 955 750 1022 tradita
768 955 914 1020 codicum
939 956 1093 1022 memoria
1123 949 1383 1045 ὀποχρηοιῆοαι,

252 1059 345 1143 quud
370 1061 502 1126 verbum
520 1060 616 1124 nihili
636 1065 693 1126 est
743 1059 807 1124 Sed
835 1059 920 1144 quod
949 1082 967 1127 e
995 1059 1131 1128 Turncb.
1162 1066 1195 1126 et
1223 1060 1313 1128 Vulc.
1342 1063 1384 1129 ab

253 1158 390 1224 Reiskio
411 1165 445 1224 et
466 1159 712 1243 Wyttenbachic
739 1160 994 1228 commendatum
1022 1169 1071 1228 est
1103 1156 1172 1229 ὀπό
1195 1166 1254 1251 τῆς
1271 1163 1386 1255 χρείας

254 1281 319 1343 pro
338 1267 538 1326 monstruoso
561 1254 815 1347 ὀποχρηοτῆσαι
842 1261 926 1325 nihil
957 1261 1046 1326 aliud
1067 1267 1131 1340 est,
1161 1284 1257 1346 quam
1285 1283 1385 1346 praua

256 1367 414 1432 correctio
438 1367 591 1446 Turnebi,
617 1387 699 1450 quae
725 1371 892 1449 praeterea
921 1389 943 1432 a
964 1367 1171 1434 similitudine
1203 1369 1383 1436 htterarum

255 1491 373 1552 parum
387 1469 668 1536 commendationis
682 1469 801 1536 habere
815 1468 949 1535 videtur.
972 1470 1085 1554 Itaque
1098 1470 1169 1536 vide
1185 1493 1262 1538 num
1274 1495 1313 1539 ex
1331 1494 1382 1538 cc·

258 1575 366 1641 dicum
381 1569 636 1665 ἅποχρηστῆσαι
646 1575 766 1640 rectius
778 1574 936 1663 effecerim
950 1567 1024 1638 ἀπ’
1048 1569 1240 1664 ὀρυχῆς*),
1257 1599 1320 1660 quo
1333 1598 1383 1643 re·

255 1683 351 1760 cepto
364 1677 496 1743 fortasse
517 1673 575 1740 καί
588 1680 663 1742 ante
678 1677 848 1758 τιμᾶσθαι
869 1674 1081 1762 ablegandum
1095 1677 1165 1741 erit
1184 1676 1223 1742 In
1236 1687 1387 1761 promptu

256 1782 315 1855 est,
334 1798 407 1840 cum
419 1776 454 1839 in
469 1774 642 1860 archetypo
655 1775 772 1840 litteris
786 1776 859 1859 plus
872 1777 977 1842 minus
999 1776 1139 1842 evanidis
1153 1783 1187 1843 et
1205 1777 1248 1844 ad
1268 1800 1382 1865 cogno·

255 1880 410 1946 scendum
435 1878 619 1945 difficilibus
640 1879 806 1944 coniuncte
828 1879 984 1961 scriptum
1004 1883 1088 1944 esset
1110 1881 1188 1942 All
1192 1879 1350 1942 OPYXH
1352 1883 1381 1960 t,

257 1985 428 2050 librarium
449 1984 588 2067 primum
610 1983 782 2048 oscitanter
802 1982 955 2050 adiecisse
970 2007 1015 2061 αι,
1035 1988 1072 2047 ut
1092 1981 1284 2049 infinitivum
1305 2006 1382 2068 qua-

254 2089 446 2172 lemcunque
475 2088 550 2154 inde
578 2087 739 2167 formaret
767 2110 830 2172 quo
859 2088 970 2155 effectu
1001 2085 1060 2152 καί
1085 2088 1265 2155 addendum
1286 2089 1382 2157 fuisse

254 2191 439 2274 planissime
458 2189 657 2272 perspicitur.
691 2189 738 2254 Ac
758 2189 900 2273 suspicor
922 2190 1020 2254 etiam
1034 2190 1175 2271 corrupti
1193 2210 1277 2255 nunc
1291 2207 1381 2258 voca·

255 2295 326 2363 buli
341 2293 527 2360 memoriam
551 2299 709 2368 servatam
728 2315 796 2361 esse
811 2295 846 2358 in
859 2294 1004 2377 proximo
1016 2315 1117 2374 versu
1132 2294 1189 2360 ubi
1204 2315 1277 2360 cum
1288 2295 1383 2378 plane

254 2403 365 2484 inepte
391 2399 505 2466 edatur
535 2401 583 2484 τῷ
605 2389 785 2488 προόχοντι
812 2400 870 2486 τῆς
900 2392 1034 2488 ὀρυχῆς,
1066 2398 1171 2465 scriba
1198 2399 1296 2466 oculis
1324 2400 1380 2468 ab·

254 2523 379 2570 errasse
398 2501 524 2567 videtur
543 2498 585 2565 ad
601 2520 726 2565 uersum
741 2499 888 2582 priorem,
912 2499 947 2564 in
958 2520 1022 2583 quo
1040 2500 1215 2586 antiquitus
1229 2501 1383 2584 scriptum

253 2613 326 2674 erat
346 2600 406 2673 ἀπ’
430 2604 549 2695 ὀρυχῆς
568 2609 736 2689 τιμᾶσθαι
757 2603 906 2690 λέγουσι,
939 2626 1011 2671 cum
1039 2607 1227 2689 praesertim
1256 2607 1384 2675 easdem

252 2734 358 2796 paene
377 2711 501 2777 litteras
514 2709 576 2775 sibi
596 2709 773 2792 repperisse
795 2707 963 2775 videretur.
995 2709 1099 2794 Atque
1120 2709 1235 2776 harum
1255 2711 1384 2796 quidem

253 2814 451 2901 syllabarum
472 2811 611 2890 iactum,
632 2818 669 2874 ut
689 2808 850 2893 probabili
871 2810 1054 2876 coniectura
1074 2810 1281 2889 resarciatur,
1303 2808 1384 2875 nihil

253 2921 430 3005 simplicius
445 2918 540 2984 scribi
553 2918 655 2983 visum
669 2921 717 2981 est
730 2937 826 3000 quam
840 2916 885 3001 τῷ
898 2906 1079 3005 προῦχοντι
1095 2915 1170 2980 τοῦ
1192 2911 1382 3005 ῥύγχους,

254 3030 293 3090 ut
314 3024 391 3090 olim
419 3021 597 3089 rectissima
624 3020 749 3086 ratione
776 3018 918 3085 restitut
947 3017 1102 3084 Reiskius.
1153 3018 1301 3087 Ceterum
1330 3021 1383 3091 Fr.

254 3127 408 3205 Osannus,
428 3124 481 3190 hic
496 3124 625 3209 quidem
642 3144 754 3190 causae
768 3122 957 3189 vanissimae
978 3128 1139 3205 patronus,
1154 3123 1197 3189 ad
1210 3122 1383 3193 Cornutum

254 3228 285 3296 d.
306 3252 337 3295 n
359 3230 389 3294 d.
407 3250 437 3312 p.
456 3234 532 3307 343,
552 3228 636 3295 male
656 3232 690 3294 et
711 3227 773 3294 sibi
794 3232 827 3293 ct
846 3227 1017 3294 Plutarcho
1040 3228 1205 3308 constituit
1226 3230 1289 3313 qui,
1310 3252 1383 3299 cum
1458 3287 1464 3299 ,

251 3336 435 3420 paulopost
450 3336 576 3419 legatur
597 3329 633 3399 αὶ
653 3332 690 3399 δὲ
703 3328 910 3421 χρησάμεναι
927 3328 1023 3419 πάτῳ
1038 3332 1095 3399 καὶ
1112 3326 1223 3422 ὀρυχῇ,
1238 3333 1383 3403 sufficere

252 3444 287 3509 id
303 3439 452 3526 opinatus
466 3438 569 3507 estad
583 3437 783 3506 defendenda
796 3438 905 3522 priora
923 3440 970 3524 τῷ
988 3430 1167 3527 προόχουτι
1181 3442 1238 3527 τῆς
1253 3434 1381 3530 ὀρυχῆς,

252 3551 309 3635 qui
329 3549 460 3634 quidem
481 3548 566 3614 vocis
587 3546 775 3613 insolentior
791 3545 830 3612 de
846 3550 950 3611 rostro
972 3544 1064 3611 suillo
1082 3567 1165 3627 usus,
1188 3569 1228 3613 ex
1243 3546 1380 3617 dialecto

251 3657 381 3741 plebeia
411 3656 551 3722 adscitus
576 3655 607 3721 ei
632 3653 800 3720 videbatur
828 3653 972 3737 hancque
994 3651 1090 3719 trisse
1119 3674 1246 3721 causam
1267 3661 1303 3722 ut
1325 3655 1379 3723 ad·

253 3763 392 3827 iceretur
414 3756 460 3838 ὥς
483 3780 578 3847 φασι,
602 3758 687 3845 quod
708 3756 751 3823 ad
773 3762 877 3824 totum
897 3758 1003 3841 potius
1025 3758 1202 3825 membrum
1223 3762 1383 3846 pertinere

251 3867 456 3935 manifestum
484 3869 541 3932 est.
591 3865 749 3951 Equidem
777 3866 891 3949 opinor
913 3872 1055 3931 rostrum
1081 3867 1145 3933 suis
1166 3868 1252 3952 apud
1274 3892 1382 3939 omues

251 3972 391 4038 Graecos
419 3969 565 4037 homines
585 3990 711 4052 semper
730 3974 763 4037 et
790 3970 909 4053 ubique
932 3970 1104 4037 vocitatum
1133 3970 1230 4041 fuisse
1253 3972 1379 4062 ῥύγχος,

255 4094 359 4158 neque
389 4072 482 4140 facile
503 4078 553 4138 est
579 4072 621 4139 ad
643 4072 836 4139 credendum
856 4073 1063 4142 Plutarchum
1084 4076 1277 4158 provinciale
1298 4077 1379 4145 eius·

333 4277 361 4344 *l
388 4280 425 4331 De
446 4274 501 4331 cirri
520 4280 722 4346 praepositionis
739 4298 789 4333 usu
809 4295 967 4347 quamquam
987 4286 1027 4333 ost
1047 4281 1194 4346 eiusmodi,
1213 4282 1257 4345 qui
1275 4282 1333 4349 ipse
1352 4301 1381 4339 ea

254 4365 331 4415 etiam
351 4363 408 4413 sinc
429 4361 556 4428 exemplis
573 4367 684 4427 tueatur,
703 4369 804 4428 praeter
821 4363 888 4414 Held
907 4364 939 4413 ad
961 4362 1054 4415 Timol.
1073 4378 1098 4427 p.
1113 4362 1163 4412 314
1181 4363 1298 4429 inprimis
1318 4381 1381 4420 con·

251 4447 354 4501 ferendi
373 4454 434 4499 suut
450 4446 478 4498 hi
496 4448 561 4499 loci:
580 4446 663 4499 Thuc.
682 4445 719 4511 ll,
739 4447 771 4499 63
790 4444 819 4500 τό
839 4443 999 4517 τιμώμενον
1020 4442 1075 4499 ἀπὸ
1096 4448 1145 4498 τοῦ
1160 4438 1263 4520 ἄρχειν,
1286 4448 1328 4516 vl,
1350 4452 1380 4503 12

252 4535 449 4609 θαυμάζεσθαι
468 4533 525 4589 dut
544 4538 591 4604 τῆς
607 4536 804 4608 ἱπποτροφίας,
822 4536 854 4601 ll,
869 4537 901 4586 37
920 4536 1113 4607 προτιμᾶσθαι
1129 4532 1176 4586 rin'
1190 4533 1294 4611 ἀρετῆς,
1314 4538 1392 4594 Plut..

252 4628 358 4693 Apicio
376 4626 474 4680 δοτέον
492 4621 532 4690 (τό
547 4621 715 4693 μεγαλύνειν
725 4621 834 4688 αὐτοὺς)
847 4620 905 4675 ἀπὸ
922 4623 1087 4675 τῶνπυλῶν
1104 4622 1204 4695 ἔργων,
1222 4625 1335 4695 Lysaud.
1347 4626 1382 4677 24

254 4713 284 4765 ci
300 4711 334 4768 δὲ
352 4708 400 4765 ἀπ’
419 4708 518 4785 ἀρετῆς
533 4712 612 4782 τιμαὶ
629 4712 701 4765 πᾶσι
717 4703 881 4785 προῦκειντο
903 4711 959 4766 τοῖς
974 4705 1150 4778 δυναμένοις.
