3700 5625
924 602 1129 680 42..

469 781 614 866 cupidius
637 803 673 849 eo
695 781 858 849 inclinant.
908 779 992 848 Illud
1014 788 1121 850 sutem
1137 783 1300 850 verissime
1322 782 1524 849 observatum
1543 781 1594 845 est

470 883 666 950 sexcentiens
687 905 792 950 crases
814 884 962 951 ascribis
983 884 1120 967 inperite
1141 885 1323 950 obscuratas
1341 904 1417 962 esso,
1436 887 1473 948 ut
1489 901 1592 964 saepe,

471 989 499 1054 si
520 989 590 1073 quis
608 989 669 1054 hoc
691 990 773 1074 ugit,
795 1011 834 1055 ex
855 989 988 1055 vetustis
1009 989 1185 1071 scripturae
1205 987 1394 1070 corruptelis
1410 984 1594 1050 nitidiorem

468 1091 606 1158 auctoris
634 1092 786 1177 indagare
816 1093 917 1175 possit
945 1091 1104 1159 scribendi
1133 1093 1297 1159 rationem.
1350 1091 1493 1156 Eximius
1522 1092 1594 1154 erut

468 1197 510 1264 ud
528 1198 607 1264 hoec
626 1197 842 1265 confirmando
863 1200 951 1265 locus
971 1199 1006 1264 in
1028 1199 1108 1265 Plut.
1131 1197 1236 1284 Symp.
1257 1197 1333 1277 VII,
1356 1205 1382 1277 t,
1404 1201 1423 1264 3
1445 1216 1475 1279 p.
1491 1199 1593 1273 699e,

466 1300 523 1366 ubi
535 1299 690 1366 librorum
699 1301 858 1384 potiorum
871 1302 965 1367 lectio
978 1299 1037 1388 τὴν
1060 1298 1166 1389 πρὸς
1188 1299 1234 1365 ιδ
1256 1294 1384 1389 ὑγρὸν
1406 1291 1595 1396 ἐπιθυμίαν

467 1427 507 1471 ex
520 1405 701 1472 coniectura
718 1405 870 1472 mutanda
886 1411 956 1471 erat
972 1406 1006 1470 in
1022 1405 1107 1495 πρὸς
1121 1397 1270 1493 τοῦργον,
1287 1402 1459 1487 quodcum
1471 1398 1597 1466 scribae

440 1512 539 1574 'soro
560 1509 628 1574 nuti
650 1508 690 1575 de
711 1530 798 1575 more
820 1510 854 1574 in
876 1505 1075 1575 communem
1099 1509 1218 1592 quippe
1246 1507 1306 1574 sibi
1328 1507 1455 1590 suisque
1476 1515 1593 1588 neque-

467 1610 552 1676 libus
576 1610 815 1678 familiariorem
841 1611 1035 1696 refingerent
1060 1610 1207 1689 sormam,
1234 1615 1373 1676 nonest
1401 1609 1517 1674 mirum
1539 1627 1594 1674 eos

468 1716 600 1791 adsidua
621 1719 712 1802 quusi
733 1739 877 1785 errorum
898 1717 1125 1784 consuetudine
1147 1722 1325 1799 corruptos,
1347 1714 1517 1781 ridiculum
1537 1732 1592 1795 pe·

466 1819 585 1903 perisse
606 1817 644 1885 τδ
668 1815 768 1910 ὑγρόν
791 1821 858 1908 (cir.
881 1823 1007 1900 Quaest.
1029 1821 1110 1887 Plut.
1125 1821 1176 1886 III
1197 1821 1217 1886 l.
1233 1820 1295 1906 1.*)
1319 1825 1352 1885 et
1376 1818 1482 1897 Cobet,
1505 1818 1594 1883 curius

466 1923 634 1990 adsensum
663 1946 714 1990 me
743 1925 854 1991 tulisse
882 1925 1087 1992 vehementer
1115 1925 1229 2000 laetor,
1267 1925 1302 1990 in
1329 1925 1480 1990 Mnemos.
1510 1923 1594 1990 1862

466 2051 496 2114 p.
520 2031 605 2118 335.)

551 2133 704 2203 Similiter
718 2136 895 2202 scribarum
910 2158 1000 2202 error
1021 2136 1056 2202 iu
1077 2135 1173 2202 simili
1195 2157 1292 2202 causo
1312 2137 1495 2203 commissus
1514 2133 1595 2220 quid

466 2234 638 2320 genuinum
660 2235 709 2315 sit,
730 2235 948 2302 demonstrare
967 2237 1086 2319 poterit
1105 2237 1140 2303 in
1161 2236 1266 2323 Symp.
1279 2237 1342 2315 III,
1363 2244 1391 2315 4,
1414 2242 1434 2304 3
1457 2257 1486 2318 p.
1503 2236 1597 2303 dbis

464 2339 520 2405 ubi
531 2339 679 2406 densiore
701 2361 768 2407 esse
783 2341 952 2407 mulierum
970 2361 1066 2425 quem
1079 2342 1220 2408 virorum
1240 2361 1382 2424 corpore,
1404 2338 1483 2406 disci
1497 2360 1590 2422 posse

467 2439 664 2526 significatur
685 2463 726 2507 ex
740 2441 817 2506 viris
837 2442 1118 2510 concumbentibus
1139 2465 1211 2508 cum
1225 2443 1411 2509 mulieribus
1431 2445 1594 2526 unguente

466 2553 522 2614 out
550 2545 620 2614 oleo
647 2546 805 2613 delibutis.
857 2547 977 2626 Quibus
1012 2549 1157 2632 proxima
1186 2549 1412 2614 continuantur
1443 2547 1478 2612 in
1505 2547 1592 2612 bunc

466 2649 609 2716 modum:
642 2645 919 2734 ἀναπίμπλανται
944 2650 1007 2738 γὰρ
1029 2646 1161 2718 αὗτοῦ
1190 2655 1260 2717 τοῦ
1280 2650 1463 2741 χρίσμαιος
1486 2649 1521 2717 ἒν
1542 2654 1593 2737 rq'i

467 2749 715 2839 συγκαθεύδειν,
730 2744 791 2818 κᾶν
812 2749 858 2840 μή
875 2749 1001 2840 θίγωσι
1022 2753 1107 2840 μηδὲ
1128 2750 1376 2843 προσάψωνται
1394 2753 1459 2818 τῶν
1479 2773 1594 2839 γυναι-

465 2857 541 2923 κῶν,
569 2854 608 2921 ln
628 2854 680 2921 lris
697 2854 839 2939 prolecto
862 2877 927 2923 non
943 2858 1020 2924 sotis
1034 2863 1105 2925 erat
1119 2857 1274 2942 reingere
1300 2860 1360 2922 τοῦ
1374 2851 1484 2935 αὐτοῦ,
1501 2857 1591 2922 cuius

465 2960 534 3026 loco
553 2962 700 3027 usitatim
721 2960 919 3029 hauddubie
943 2963 1096 3046 scriptum
1116 2966 1200 3029 esset
1221 2953 1355 3029 οαίιοῖι.
1396 2961 1498 3026 lmmo
1520 2982 1592 3027 cum

532 3250 558 3317 *l
576 3250 700 3307 ensibus
718 3251 885 3305 ePlutorcho
907 3266 1013 3317 semper
1032 3252 1292 3317 romanorumque
1310 3252 1537 3305 adnumerandum
1549 3259 1591 3305 est

464 3344 541 3399 etium
560 3332 684 3411 ιοῦιμον,
704 3342 813 3396 feliciter
838 3349 969 3395 servotum
996 3342 1023 3395 io
1042 3341 1133 3411 Symp.
1153 3342 1210 3392 Vlll
1234 3342 1314 3394 Praei.
1334 3357 1359 3407 p.
1380 3343 1459 3395 7160.
1495 3344 1535 3395 Ac
1552 3358 1592 3395 re-

463 3430 624 3481 stituendum
642 3428 694 3480 hoc
715 3435 787 3480 esset
804 3428 845 3481 vel
865 3430 921 3480 sine
939 3429 1063 3482 librorum
1084 3429 1182 3480 indicio
1201 3427 1264 3480 Μαι.
1275 3444 1300 3494 p.
1315 3429 1402 3492 2361),
1421 3433 1450 3479 ut
1463 3426 1589 3480 Clementi

464 3520 536 3573 Alex.
557 3516 637 3571 Peed.
660 3520 678 3567 ΙΙ
698 3535 723 3585 p.
745 3518 831 3571 28:31²
852 3536 898 3585 pro
917 3520 1054 3571 manifesto
1071 3520 1135 3571 vitio
1155 3514 1184 3571 ui
1205 3515 1276 3584 ὕψος
1295 3518 1407 3570 reddidit
1430 3514 1515 3571 Cobet
1532 3519 1549 3570 l.
1570 3519 1585 3570 l.

464 3608 532 3661 conl.
552 3608 634 3659 Praei.
655 3608 686 3658 sd
707 3610 772 3660 Nou.
793 3608 863 3662 lect.
882 3624 907 3675 p.
926 3604 999 3675 XIV,
1024 3610 1045 3660 si
1066 3607 1221 3660 Plutarchus
1238 3614 1330 3660 auctor
1347 3615 1417 3660 esset
1436 3607 1588 3674 upopurhe

464 3696 581 3757 guttum
599 3690 803 3757 henricorum,
830 3706 916 3759 neque
945 3692 1025 3744 bomo
1050 3694 1095 3757 qui
1114 3709 1147 3743 oe
1164 3693 1297 3744 minimum
1317 3693 1426 3759 quidem
1444 3708 1533 3746 curum
1554 3694 1587 3745 ed

464 3778 595 3831 dusmodi
619 3777 706 3831 hiatus
728 3780 866 3833 evitandos
892 3780 1048 3835 udbibucrit.
1091 3780 1129 3833 Ex
1150 3780 1245 3833 eodem
1270 3792 1367 3847 genere
1389 3788 1431 3835 ess
1453 3776 1589 3851 τᾶλευρον

463 3863 562 3929 inpune
581 3868 712 3915 curulum
733 3878 749 3915 u
766 3863 860 3919 scribis
881 3863 971 3935 Symp.
990 3881 1015 3932 p.
1035 3864 1085 3919 659
1094 3866 1121 3918 b.
1167 3864 1205 3917 lix
1229 3866 1324 3918 ceteris
1346 3866 1447 3919 nullum
1465 3868 1529 3919 novi
1545 3884 1589 3919 ex·

464 3949 595 4017 emplum,
615 3951 686 4015 quod
706 3950 812 4007 felicius
830 3966 971 4003 commuue
996 3953 1160 4018 nuulngium
1179 3951 1318 4005 eluctetum
1338 3953 1373 4004 od
1391 3944 1498 4006 ultimos
1518 3955 1589 4007 deiu-

464 4054 528 4106 ceps
547 4032 704 4109 Byzantios,
725 4040 848 4107 pristinae
866 4041 981 4107 alioquin
1001 4041 1132 4093 sermonis
1148 4042 1251 4094 virtutis
1269 4042 1434 4109 desultores,
1458 4059 1585 4112 propuga-

463 4132 519 4181 lurn
539 4130 572 4181 sit
590 4140 668 4193 quom
689 4122 836 4199 τοῦδαφος.
873 4130 958 4195 Atque
990 4138 1134 4183 ceterorum
1152 4134 1228 4185 etiem
1253 4149 1306 4185 noo
1332 4132 1417 4185 nullue
1436 4140 1497 4186 suot
1522 4149 1588 4201 quoe

463 4219 543 4284 longo
563 4218 698 4271 interuallo
715 4224 855 4286 postquem
874 4219 1071 4287 obsoleverunt,
1086 4223 1112 4273 io
1125 4223 1298 4275 recentiorum
1310 4216 1418 4275 demum
1432 4225 1537 4290 scriptis
1549 4231 1587 4276 re·

463 4312 590 4372 emunt,
618 4320 730 4373 quorum
753 4322 831 4360 nemo
851 4310 955 4373 estqui
975 4310 1061 4375 meas
1086 4310 1252 4363 exsultaverit
1278 4312 1306 4363 in
1323 4313 1451 4365 memorio
1474 4314 1586 4365 cresin·

463 4395 622 4447 exoletorum
638 4397 820 4463 insueranos,
845 4410 923 4465 quum
946 4402 1020 4452 Anna
1045 4398 1195 4466 comneno,
1226 4403 1298 4468 apud
1316 4417 1396 4469 quum
1417 4419 1472 4455 non
1488 4408 1587 4457 mur

462 4478 611 4555 τοῦδαφος,
629 4501 720 4537 oerum
733 4488 811 4539 etiem
826 4485 1044 4561 προύτρέπονιο,
1057 4486 1224 4560 τούμφανές,
1240 4483 1402 4560 τοῦσχατον,
1411 4485 1499 4559 κάγώ,
1508 4481 1586 4561 κᾷτα,

461 4572 523 4641 urie,
537 4570 624 4641 κάκεῖ,
644 4570 740 4644 οὑμός,
759 4572 871 4649 τούμόν,
883 4564 1028 4649 προῦπτον
1043 4584 1093 4632 etc.
1108 4579 1262 4645 aequalibus
1273 4581 1457 4647 prioribusque
1474 4595 1506 4632 ex
1519 4585 1590 4649 purte

462 4666 564 4731 spretb,
591 4678 644 4714 non
668 4662 771 4714 occulte
796 4664 925 4731 gliscunt,
945 4666 994 4718 sed
1012 4666 1048 4718 itu
1064 4666 1116 4718 δια
1137 4673 1211 4734 suot,
1228 4672 1257 4721 ut
1278 4681 1410 4734 perpauco
1433 4668 1591 4733 reperiuntur

460 4753 588 4805 eontrurle
605 4750 734 4817 exemplu,
753 4752 824 4805 velut
840 4756 878 4814 εἰς
894 4752 923 4807 τὸ
941 4754 1066 4824 ἐμφανές
1082 4770 1108 4822 ρ.
1128 4755 1188 4821 223,
1208 4757 1248 4809 16.
