3700 5625
906 599 1121 664 ..96-

448 761 535 827 modi
552 781 681 840 nomen,
703 755 731 826 si
750 780 862 828 revera
880 761 1066 840 exstitisset,
1089 761 1226 827 orationi
1244 761 1460 830 immiscuisse.
1505 761 1581 830 Nisi

449 869 520 951 quis
546 867 582 934 in
610 868 751 934 animum
778 867 940 933 induxerit
975 860 1077 955 ἀρυχή
1111 889 1227 935 nomen
1256 867 1352 937 firisse
1381 869 1580 936 sacerdotale

449 970 600 1056 mysticae
628 969 656 1035 si
682 969 743 1034 diis
774 969 879 1052 placet
907 967 1037 1036 dialecti
1058 970 1109 1036 vel
1139 971 1235 1036 etiam
1262 970 1381 1054 Orphei
1404 955 1579 1052 doctrinae,

450 1071 656 1138 insolentium
676 1068 901 1135 vocabulorum
921 1069 1050 1152 aucupi,
1073 1070 1124 1134 cui
1146 1070 1225 1136 sulci
1241 1069 1413 1138 audiebant
1435 1061 1583 1148 αἷίλακες

449 1179 482 1241 et
509 1195 618 1240 semen
645 1169 743 1256 μίτος
771 1178 805 1238 et
831 1178 975 1238 aratrum
1004 1171 1112 1264 κερκίς
1135 1171 1349 1258 καμπύλοχος
1378 1180 1412 1242 et
1439 1175 1467 1240 si
1494 1197 1582 1258 quae

448 1284 522 1345 sunt
550 1278 625 1343 huic
649 1277 760 1364 generi
787 1275 916 1346 adfinia
965 1265 1084 1344 Tantae
1112 1279 1212 1365 igitur
1233 1280 1326 1346 molis
1348 1287 1419 1348 erat
1439 1302 1510 1348 sues
1532 1283 1578 1348 ab

449 1391 509 1455 hac
532 1394 617 1456 certe
640 1388 734 1470 culpa
753 1387 1028 1454 innocentissimas
1051 1387 1235 1468 defendere,
1263 1411 1399 1473 quarum
1425 1391 1453 1456 si
1478 1391 1580 1473 paulo

448 1494 653 1572 reconditior,
679 1499 715 1560 at
734 1493 846 1560 eadem
867 1495 1033 1560 sanissima
1053 1500 1101 1560 est
1121 1495 1214 1561 rati0.

533 1597 580 1664 Ut
597 1598 696 1682 igitur
713 1599 748 1664 in
765 1597 826 1664 hoc
840 1598 910 1664 loco
924 1598 1177 1666 describentibus
1197 1623 1217 1666 a
1230 1604 1354 1667 vetusto
1369 1601 1475 1668 codice
1490 1601 1580 1668 male

450 1704 562 1770 habito
583 1725 672 1770 error
694 1704 837 1771 obiectus
857 1709 918 1783 est,
941 1709 978 1770 ut
999 1705 1064 1770 alia
1084 1710 1239 1787 ponerent
1259 1727 1355 1789 quam
1371 1727 1452 1790 quae
1469 1707 1577 1772 aPlu-

448 1803 560 1870 tarcho
574 1803 756 1869 viderentur
771 1824 838 1869 esse
853 1802 1012 1886 profecta,
1032 1804 1080 1870 ita
1099 1804 1135 1868 in
1152 1804 1235 1870 libro
1249 1803 1344 1884 VIII,
1367 1813 1395 1884 4,
1417 1813 1467 1888 5p.
1483 1811 1548 1873 724
1559 1829 1580 1872 e

453 1914 486 1975 et
504 1909 661 1993 fugientes
687 1909 863 1991 scripturae
884 1909 1000 1974 veteris
1024 1907 1158 1975 laciniae
1180 1910 1262 1976 male
1279 1910 1381 1976 lectae
1402 1914 1435 1976 et
1455 1911 1579 1978 scriba-

430 1997 435 2004 ⁴
449 2036 521 2080 rum
535 2013 737 2098 neglegentia
754 2013 833 2079 adeo
849 2012 973 2098 largam
987 2014 1174 2097 corruptelis
1192 2035 1303 2080 ansam
1323 2013 1418 2093 dedit,
1438 2020 1476 2079 nt
1487 2014 1582 2080 locus

449 2141 550 2202 paene
571 2139 629 2201 pro
649 2118 816 2201 desperato
837 2118 950 2184 haberi
970 2125 1084 2202 posset.
1136 2119 1254 2186 Ponam
1273 2119 1365 2184 illum
1385 2126 1423 2185 ut
1444 2141 1581 2186 excusus

448 2232 497 2293 est
515 2227 550 2290 iu
574 2224 692 2290 Aldina
714 2218 791 2311 ἡμῖν
814 2222 850 2290 δὲ
872 2227 943 2302 τοῖς
967 2221 1123 2312 Ἓλλησιν
1141 2220 1261 2312 ἥκιστα
1282 2227 1343 2310 μέν
1365 2225 1436 2293 ἐστι
1455 2225 1582 2316 χρειώ-

449 2331 508 2415 ὄης
529 2321 564 2413 (ὁ
587 2327 727 2414 φοῖνιξ),
748 2320 917 2414 ἀθλητικῇ
936 2324 973 2392 δὲ
996 2323 1202 2415 φιλοσοφίᾳ,
1225 2327 1281 2392 καί
1298 2326 1336 2393 τὸ
1361 2320 1514 2418 dropace
1532 2322 1583 2395 ἀν

447 2425 515 2515 εἴη·
538 2427 715 2505 κάλλιστος
728 2425 790 2516 ηάρ
807 2421 854 2492 ὢν
868 2426 925 2493 καί
941 2428 1097 2513 μέγιστος
1111 2423 1168 2495 ὑπ’
1186 2424 1355 2514 εὐταξίας,
1380 2425 1419 2498 οὗ
1438 2431 1584 2518 γόνιμός

447 2527 519 2592 ἐστι
542 2520 622 2614 παρ’
643 2521 731 2613 ἡμῖν,
754 2521 840 2590 ἀλλὰ
861 2523 920 2612 τὴν
941 2524 1070 2615 τροφὴν
1092 2522 1235 2618 ὥςπερ
1258 2523 1449 2615 ἀθλητοῦ
1470 2530 1581 2618 περὶ

446 2630 493 2698 cd
515 2633 631 2718 σῶμα
659 2634 733 2718 τῆς
759 2623 930 2710 ἀταξίας
955 2625 1295 2720 ἀναλισκούσης,
1321 2633 1460 2724 σμικρὸν
1479 2630 1581 2723 αὐτῷ

447 2739 503 2805 καί
532 2739 662 2828 φαῦλον
684 2732 732 2816 τίς
760 2737 896 2827 σπέρμα
918 2733 1099 2825 περίεστιν.
1152 2739 1240 2805 Haec
1262 2743 1311 2805 est
1332 2741 1475 2808 codicum
1497 2763 1579 2808 con·

445 2844 585 2928 plurium
598 2843 701 2923 lectio,
721 2864 818 2926 quam
834 2842 932 2909 etiam
947 2842 1085 2909 editores
1101 2849 1174 2909 ante
1189 2845 1401 2925 Duebnerum,
1418 2852 1581 2930 quantum

446 2942 575 3029 quidem
600 2964 659 3029 ego
687 2942 798 3021 sciam,
827 2962 935 3007 omnes
962 2946 1147 3024 tcnuerumt3
1173 2943 1208 3007 in
1235 2944 1306 3011 aliis
1334 2966 1392 3028 pro
1418 2941 1583 3034 ἀθλητοῦ

445 3047 598 3113 scribitur
615 3040 770 3131 ἄθλησιν,
790 3043 966 3128 horumque
987 3046 1210 3112 auctoritatem
1224 3048 1324 3114 secuti
1338 3054 1412 3115 sunt
1426 3049 1584 3117 Reiskius

447 3157 480 3218 et
499 3150 780 3236 Wyttenbachius3
801 3149 841 3215 de
862 3155 968 3216 cetero
989 3150 1071 3217 nihil
1093 3154 1266 3221 adnotatur
1286 3156 1432 3223 lectionis
1453 3156 1580 3226 discre-

445 3258 588 3341 pantiae,
609 3255 673 3322 nisi
692 3253 777 3339 quod
791 3273 850 3337 pro
865 3254 966 3321 altero
989 3250 1130 3335 ἀταξίας
1150 3259 1186 3323 in
1205 3260 1460 3345 castigatioribus
1475 3266 1584 3345 atque

446 3366 543 3432 etiam
561 3365 596 3430 in
612 3362 695 3430 libro
707 3359 948 3427 vindobonensi
962 3361 1115 3444 scriptum
1130 3370 1178 3430 est
1200 3358 1412 3467 εὐταξίας.
1442 3366 1582 3435 Nemini

445 3475 552 3536 autem
583 3467 716 3533 dubium
742 3484 810 3530 esse
838 3466 957 3547 potest,
988 3463 1067 3548 quin
1091 3484 1194 3530 sermo
1223 3466 1266 3530 sit
1295 3465 1334 3532 dc
1364 3466 1581 3535 similitudine

444 3598 525 3660 quae
538 3573 716 3641 intercedat
739 3572 824 3637 inter
842 3570 968 3653 palmae
984 3574 1079 3654 atque
1102 3570 1241 3638 athletae
1261 3571 1387 3638 vivendi
1404 3572 1580 3645 rationem.

445 3680 538 3746 Unde
552 3681 691 3763 primum
704 3678 739 3743 in
753 3680 903 3761 promptu
916 3676 1056 3758 positum
1076 3680 1137 3755 est,
1161 3668 1346 3762 ἀθλητικὴν
1363 3674 1581 3765 φιλοσοφίαν

444 3783 527 3849 nihil
556 3784 643 3849 aliud
678 3803 770 3865 posse
809 3779 1002 3866 significare,
1038 3801 1133 3864 quam
1161 3779 1350 3846 rationalem
1377 3780 1582 3849 athletarum

445 3885 572 3955 vivendi
593 3906 713 3950 morem
734 3885 884 3971 exlongo
905 3904 965 3950 usu
979 3884 1164 3967 probatum,
1186 3905 1248 3968 quo
1268 3888 1304 3949 ut
1319 3905 1433 3966 corpus
1450 3883 1582 3953 firmius

444 3989 615 4059 redderent
636 3990 732 4070 atque
752 3985 927 4066 robustius,
958 3985 1089 4053 fortiore
1115 3990 1317 4053 vescerentur
1344 3986 1455 4070 sagina
1475 3991 1581 4071 atque

443 4093 659 4180 voluptatibus
672 4090 814 4156 venereis
833 4112 900 4157 sese
916 4090 1078 4158 abstinere
1097 4090 1292 4157 iuberentur.
1335 4089 1437 4169 Quam
1450 4090 1485 4154 in
1503 4112 1580 4157 rem

443 4202 525 4267 nihil
546 4200 652 4284 aptius
673 4194 792 4263 adferri
807 4198 912 4277 potest
932 4217 1028 4279 quam
1040 4196 1257 4263 testimonium
1276 4195 1446 4263 Clementis
1457 4195 1578 4265 Strom.

443 4307 501 4385 ΙΙΙ,
522 4312 587 4389 hp.
603 4310 674 4384 534,
698 4307 736 4369 16
748 4301 781 4367 P.
803 4296 889 4387 φασὶ
911 4299 948 4365 δὲ
971 4298 1026 4365 καί
1048 4295 1201 4388 ἀθλητὰς
1222 4296 1281 4368 οὐκ
1304 4295 1437 4389 ὀλίγους
1459 4295 1576 4392 ἀφρο-

444 4403 560 4474 δισίων
582 4402 771 4490 ἀτιέχεσθαι
794 4397 836 4471 δι’
860 4395 1000 4491 ἀσκησιν
1021 4406 1212 4495 σωματικὴν
1230 4408 1573 4501 ἐγκρατεαομὲνους*).
1698 4470 1699 4499 ,

527 4639 554 4709 *)
577 4642 741 4706 Quamquam
760 4641 860 4694 Plinius
883 4638 910 4693 h.
933 4654 958 4691 n.
976 4635 1096 4703 nxvrrl,
1119 4640 1151 4705 6,
1171 4641 1203 4693 58
1228 4643 1337 4695 athletas
1361 4653 1485 4709 ιοηττταττ
1508 4645 1575 4697 diro
1698 4708 1699 4711 Ἴ

444 4750 529 4787 ceam
543 4729 646 4783 rectiori.
664 4727 767 4781 Eodem
779 4730 890 4795 pertinet
900 4725 1019 4798 cyprian.
1032 4722 1113 4792 Epist.
1127 4726 1138 4778 1
1151 4743 1177 4795 p.
1191 4728 1269 4784 5W.:
1283 4736 1387 4799 paratur
1400 4731 1573 4798 gladiatorius
