3700 5625
1562 601 1990 664 -51-

644 752 859 818 locum
899 754 1186 822 luxatum
1225 779 1361 826 esse
1406 765 1471 825 ct
1507 762 1578 828 in
1618 763 1787 830 hunc
1828 766 2086 833 modum
2123 769 2684 857 redintegrandum
2726 776 2894 842 arbi-

645 863 854 924 tratus
885 852 1127 926 8813εεῦ
1176 862 1306 928 καὶ
1352 865 1615 943 καλῶς
1659 865 1742 932 τὰ
1779 860 1939 933 όντα
1983 869 2244 959 κρίιειν
2305 872 2554 940 Sufficit
2575 875 2900 944 lenissima

638 965 951 1030 correctio
1011 956 1096 1030 εὖ
1158 967 1298 1031 καὶ
1364 994 1567 1034 staca
1626 971 1721 1035 τὰ
1780 965 1979 1037 όντα
2026 972 2289 1062 κρίνειν,
2349 979 2580 1062 quibus
2625 983 2900 1062 oppositi

637 1069 775 1133 sint
815 1069 987 1152 apud
1032 1065 1359 1138 Platonem
1400 1074 1470 1138 in
1515 1074 1782 1145 Phaedr
1822 1098 1885 1159 p.
1929 1081 2112 1144 262b
2163 1104 2236 1145 οι
2286 1082 2514 1172 παρὰ
2557 1085 2651 1149 τὰ
2699 1079 2894 1151 ὄντα

640 1177 679 1238 ὁ
701 1201 735 1239 ο
757 1175 795 1252 ξ
811 1171 853 1238 ά
877 1174 912 1256 ζ
926 1200 961 1241 ο
983 1202 1013 1239 ι
1033 1200 1065 1239 τ
1086 1201 1116 1241 ε
1135 1201 1169 1254 ς
1238 1178 1278 1246 i
1337 1201 1388 1244 e.
1460 1181 1572 1263 qui
1640 1203 1816 1248 secus
1881 1183 2165 1250 iudicant
2241 1192 2430 1272 atque
2502 1213 2605 1257 res
2675 1214 2897 1260 revera

638 1276 901 1341 habent.

628 1572 715 1638 lv,
773 1573 802 1621 3
854 1589 904 1638 p.
955 1574 1055 1625 470
1099 1590 1238 1641 sqq„
1293 1578 1443 1629 cuius
1494 1578 1693 1630 nullum
1741 1582 1878 1646 apud
1935 1581 2356 1635 Mordtmannum
2411 1592 2545 1639 extat
2594 1592 2889 1656 vestigium.

626 1662 701 1709 Ac
744 1659 916 1710 simile
952 1662 1203 1724 quiddam
1240 1665 1428 1729 ctiam,
1471 1672 1625 1730 atque
1662 1666 1943 1732 Zonaram,
1982 1672 2226 1735 suspicor
2252 1671 2534 1738 Georgium
2572 1678 2891 1731 monachum

628 1749 828 1799 dictum
863 1749 1219 1803 Hamartolum
1266 1754 1600 1817 significasse
1636 1757 1741 1821 (ed.
1769 1757 1828 1810 E.
1859 1759 1926 1808 de
1946 1757 2165 1810 Muralto
2190 1775 2239 1825 p.
2264 1759 2351 1826 28)
2380 1763 2433 1812 in
2461 1762 2573 1814 his:
2603 1763 2893 1834 Ἀμαζόνες

625 1838 685 1888 δὲ
734 1858 766 1887 ι.
744 1830 948 1909 ”νδ“ρας
985 1837 1082 1890 οὐκ
1121 1840 1359 1908 ἔχουσιν,
1401 1840 1515 1894 ἀλλ’
1556 1841 1629 1904 ὥς
1666 1863 1729 1896 τα
1773 1840 1952 1914 ι’ἶλογα
1991 1849 2096 1913 ζῷα
2135 1844 2288 1908 ἅπαξ
2336 1852 2432 1902 τοῦ
2471 1851 2725 1906 ἐνιαυτοῦ
2760 1859 2889 1929 περὶ

625 1921 738 1991 τὴν·
751 1923 979 1996 ἐαρινὴν
1008 1929 1300 1998 ἰσημερίαν
1340 1925 1624 2003 ι’·πεοόριοι
1653 1937 1916 2000 γίνονται,
1943 1937 2037 1984 καὶ
2072 1930 2412 2004 μιγνύμεναι
2445 1943 2557 1998 τοῖς
2577 1958 2889 2007 γειτνιωσιν

621 2011 901 2086 ανδοιὶσιν
939 2013 1010 2076 ὥς
1054 2037 1170 2070 παι
1175 2014 1371 2090 ηγυοίν
1410 2039 1531 2072 ιιια
1578 2025 1666 2072 καὶ
1723 2018 2018 2092 [ιιεγιὶλην]
2070 2020 2266 2097 ἑορτὴν
2300 2023 2398 2079 τὸν
2433 2026 2629 2100 καιρὸν
2674 2031 2888 2085 ἐκεῖνον

618 2123 694 2171 ηγ
698 2122 798 2154 om
802 2123 905 2169 ται,
950 2105 1007 2163 ἐξ
1045 2093 1124 2157 ὧν
1152 2104 1288 2169 [καὶ]
1315 2105 1450 2159 κατιὶ
1493 2105 1730 2181 γαστρὸς
1765 2111 2136 2177 συλλαβοῦσαι
2180 2114 2660 2186 παλινδρομοῦσιν
2698 2119 2885 2172 οἴκαδε

621 2211 701 2242 πι
708 2208 818 2242 σαι
904 2194 997 2259 Τῷ
1031 2192 1091 2244 δὲ
1135 2196 1309 2266 καιρῶ
1346 2213 1437 2262 της
1482 2191 1841 2262 ἀποκυησεως
1876 2195 1935 2250 τὸ
1983 2198 2093 2268 ιιὲι
2131 2193 2301 2278 ι’ίρρεν
2339 2198 2669 2270 φονεύουσι,
2726 2203 2784 2257 τὸ
2821 2207 2883 2259 δὲ

617 2280 767 2343 θηλυ
803 2280 1140 2346 ζῳογονοῦσι
1177 2281 1268 2330 καὶ
1310 2280 1581 2348 ἐπιμελῶς
1618 2281 1996 2354 ἐκτρέᾳουσιν.
2070 2284 2175 2334 Sed
2214 2288 2429 2337 omnino
2467 2304 2572 2339 non
2608 2291 2734 2340 satis
2775 2290 2883 2341 sol-

617 2364 779 2416 lerter
805 2365 993 2430 opinor
1023 2366 1073 2415 in
1102 2365 1186 2417 his
1223 2367 1378 2419 rebus
1415 2374 1654 2419 versatus
1694 2374 1775 2420 cst
1811 2370 1890 2419 vir
1911 2371 2266 2423 doctissimus.
2339 2373 2416 2422 De
2448 2380 2621 2425 cetero
2654 2380 2884 2449 πατέρες

620 2453 816 2502 eodem
865 2451 1019 2517 plane
1067 2453 1226 2505 modo
1274 2457 1543 2520 usurpavit
1596 2456 1906 2508 Plutarchus
1955 2456 2136 2526 Symp.
2184 2460 2251 2525 V,
2306 2463 2356 2526 7,
2399 2462 2432 2512 4
2467 2477 2517 2527 p.
2556 2465 2702 2514 6822
2747 2465 2884 2517 ἔνιοι

618 2539 681 2591 δὲ
723 2542 818 2590 καὶ
857 2543 1097 2612 πατέρας
1132 2540 1279 2608 ἔχειν
1311 2539 1381 2612 riq
1397 2540 1619 2612 θαλμόν
1652 2540 1936 2610 βάσκανον
1969 2542 2478 2616 ὑπολαμβάνουσιν.

766 2628 892 2693 Pag.
934 2628 1017 2680 24.
1055 2643 1345 2694 provocare
1393 2636 1625 2696 poteram
1677 2633 1745 2683 ad
1798 2631 1964 2686 Cobet
2020 2633 2210 2687 Mnem.
2257 2636 2388 2687 1859
2432 2653 2482 2703 p.
2522 2639 2648 2691 259:
2701 2645 2880 2694 πείθω

612 2734 677 2770 σε
719 2723 801 2768 est
842 2718 1021 2768 induco
1058 2729 1104 2768 te
1146 2731 1198 2769 ut
1235 2721 1446 2784 credar,
1492 2720 1781 2775 ἀναπείθω
1819 2739 1883 2777 σε
1936 2726 2134 2790 inpelle,
2166 2745 2426 2790 per-moveo
2473 2741 2519 2779 te
2569 2731 2633 2781 ad
2684 2731 2881 2798 aliquid

611 2808 901 2873 agendum.

758 2897 886 2962 Pag.
927 2898 1011 2952 28.
1051 2896 1203 2947 Adde
1240 2897 1465 2949 similem
1501 2899 1678 2950 locum
1723 2899 1947 2966 Procop.
1992 2900 2044 2952 b.
2084 2916 2139 2965 g.
2183 2900 2245 2965 Π,
2291 2902 2311 2951 1
2354 2917 2404 2967 p.
2450 2904 2565 2967 147,
2603 2905 2636 2953 4
2681 2901 2880 2959 Γότθοι

610 2986 723 3056 μὲν
762 2975 865 3039 οὖν
898 2986 962 3057 τῇ
1000 3002 1055 3038 τε
1091 2986 1253 3056 φωνῇ
1300 2981 1669 3056 ἐπισπόμενοι
1728 2989 1818 3038 καὶ
1869 2982 2047 3058 ὑπὲρ
2101 2990 2212 3054 τῆς
2261 2985 2672 3059 κατώρυχος
2719 2991 2878 3043 δια-

614 3068 981 3141 κύψαντες
1030 3067 1413 3126 ἐπυνθάνοντο
1455 3071 1599 3133 ὅστις
1645 3074 1778 3126 ποτὲ
1826 3076 1976 3141 βοῶν
2014 3077 2120 3141 εἴη,
2160 3075 2311 3126 cuius
2349 3075 2470 3126 loco
2510 3078 2657 3128 Anna
2692 3076 2875 3130 Coum

608 3175 665 3226 p.
710 3158 830 3223 121,
868 3159 900 3208 4
938 3158 1074 3210 coni.
1112 3173 1164 3224 p.
1206 3159 1322 3224 138,
1365 3160 1557 3210 ldixit
1593 3153 1816 3212 α’νω9εν
1854 3156 2215 3233 numerianum

766 3250 895 3315 Pag.
933 3248 1017 3299 29.
1068 3249 1169 3299 Pro
1221 3251 1407 3319 φωτὶ
1454 3249 1537 3301 vel
1583 3245 1811 3318 λύχνω
1861 3255 2048 3318 θιγεῖν
2098 3265 2255 3301 verae
2306 3250 2609 3302 similiorem
2657 3252 2843 3303 sorim-„s
2823 3270 2875 3302 ι.

616 3340 969 3407 proposuisse
1005 3338 1232 3392 videbor
1267 3340 1708 3404 emendationem,
1749 3341 1794 3391 si
1834 3342 2202 3406 corrigendum
2231 3356 2447 3392 suasero
2486 3344 2653 3412 πυρὶ
2693 3348 2875 3410 &ij-iar·

621 3433 835 3493 propter
869 3425 1048 3495 Symp.
1086 3425 1153 3490 V,
1193 3428 1242 3491 7,
1282 3428 1311 3478 2
1352 3443 1402 3493 p.
1442 3428 1585 3479 681c
1627 3424 1754 3487 τοὺς
1788 3425 1887 3480 τὸν
1923 3425 2188 3492 Μηδικὸν
2234 3424 2468 3496 νάφθαν
2503 3424 2871 3496 caniacum,

618 3518 679 3568 ἐκ
718 3509 1094 3584 διαστήματος
1133 3511 1255 3568 ὑπὸ
1298 3519 1417 3568 τοῦ
1458 3514 1678 3588 πυρὸς
1715 3510 2199 3585 ἀναφλεγόμενον.
2276 3514 2389 3566 Hoc
2427 3530 2552 3566 sane
2588 3516 2672 3567 vcl
2709 3516 2879 3581 primu

619 3604 791 3655 frome
842 3603 1085 3668 adparet,
1134 3603 1462 3656 librariorum
1519 3604 1671 3669 culpa
1719 3602 1915 3667 aliquid
1963 3607 2224 3654 extrusum
2279 3617 2426 3664 esse;
2477 3602 2573 3652 sed
2625 3602 2775 3666 quain
2827 3606 2875 3653 iri

616 3691 771 3741 fuerit
806 3696 1081 3756 propterea
1114 3692 1449 3757 potissimum
1492 3692 1779 3754 incertum,
1822 3689 1963 3754 quod
2016 3688 2178 3740 multa
2227 3690 2557 3741 comminisci
2614 3691 2725 3756 pari
2763 3706 2875 3754 {iris-

616 3780 893 3833 babilitate
931 3777 1071 3832 lieet.

763 3866 891 3933 Pag.
941 3868 1023 3921 30.
1096 3868 1307 3919 Praeter
1354 3884 1417 3920 ea
1469 3884 1604 3934 quae
1653 3869 1721 3919 ad
1770 3866 2138 3920 stabiliendam
2194 3868 2553 3933 suspicionem
2589 3882 2759 3918 meam
2815 3870 2879 3914 fi:-

613 3951 1033 4025 Νωνάκριδι
1073 3959 1185 4021 τῆς
1213 3954 1585 4025 Ἀρκαδίας
1631 3950 1845 4024 οὔσης
1881 3958 1935 4007 in
1973 3956 2208 4007 medium
2245 3955 2441 4021 prolata
2478 3962 2618 4021 sunt,
2648 3971 2879 4007 comme*

613 4060 817 4095 morare
860 4043 1119 4097 debebam
1164 4043 1510 4113 Porphyrium
1544 4045 1679 4111 apud
1720 4042 1869 4097 Stob.
1912 4043 2022 4096 Ecl.
2063 4043 2215 4114 phys.
2257 4045 2274 4093 1
2317 4060 2366 4110 p.
2397 4045 2516 4108 309,
2545 4044 2609 4094 28
2638 4043 2703 4096 Μ.
2732 4042 2883 4102 Eri-‚k

615 4135 673 4188 ἓν
700 4137 1034 4206 Νωνακρίνῃ
1075 4136 1185 4196 τῆς
1214 4131 1313 4206 Ἀρ
1336 4134 1587 4192 nascaq
1626 4130 1771 4207 ὕδωρ
1804 4133 1916 4186 ἐστὶ
1942 4130 2002 4185 τὸ
2040 4128 2344 4185 ὃιακόπτον
2372 4126 2552 4184 πάντα
2588 4127 2652 4182 τὰ
2681 4129 2876 4199 ἀγγεῖα

614 4222 761 4291 πλὴν
798 4227 908 4277 τῶν
943 4228 1243 4294 κερατίνων
1282 4230 1332 4275 ct
1368 4223 1568 4277 Vitruv.
1611 4226 1677 4275 de
1716 4224 1896 4277 archit.
1935 4224 2070 4287 Vm,
2110 4224 2160 4287 3,
2204 4225 2294 4276 16:
2345 4223 2467 4273 ilem
2519 4228 2597 4273 ost
2634 4223 2684 4272 in
2719 4223 2879 4272 Am:-

616 4315 708 4365 ‹lia
744 4311 1008 4363 Nonam-is
1046 4314 1311 4363 nominata
1346 4320 1508 4364 torrae
1543 4314 1717 4378 regie,
1770 4326 1906 4377 quae
1955 4310 2116 4364 habet
2149 4313 2200 4361 in
2241 4310 2507 4361 montibus
2544 4325 2574 4359 e
2611 4324 2736 4360 saxo
2775 4311 2876 4359 ssib

613 4403 783 4455 lantes
822 4402 1197 4467 frigidissimos
1235 4400 1501 4454 humores.
1558 4402 1702 4466 Quae
1743 4402 2044 4454 testimonia
2095 4401 2161 4451 ad
2198 4405 2426 4451 nostram
2468 4414 2682 4452 causam
2722 4417 2879 4467 appu*

614 4487 870 4539 sitissima
906 4492 1044 4539 sunt.

753 4574 957 4627 Eadem
1001 4576 1194 4641 pagiua
1235 4575 1302 4625 ad
1339 4575 1501 4628 verba
1539 4570 1725 4645 ὥσπερ
1768 4577 1918 4640 κηλίς
1966 4590 2068 4629 τις
2111 4565 2427 4640 πρόσεστιν,
2487 4574 2539 4624 in
2578 4573 2767 4637 quibus
2807 4591 2883 4627 'fr-,5

614 4661 850 4714 zonarae
900 4660 1162 4714 beneficio
1212 4662 1438 4714 accrevit
1485 4660 1793 4723 Plutarcho,
1847 4658 2011 4709 hodie
2060 4672 2180 4709 cum
2225 4672 2410 4711 recens
2449 4662 2549 4710 sim
2587 4675 2617 4709 a
2650 4658 2875 4708 lectione

616 4749 799 4804 Sancti
836 4747 1219 4819 chrysostomi,
1259 4750 1553 4803 addiderim
1588 4748 1730 4800 hom.
1770 4745 1789 4796 1
1825 4745 1894 4796 ad
1931 4743 2106 4811 popul.
2143 4743 2386 4798 Antioch.
2422 4761 2474 4812 p.
2501 4744 2621 4807 335,
2649 4743 2714 4794 53
2755 4739 2875 4795 firm

2438 4851 2515 4906 4*
