3700 5625
711 601 755 617 ..
797 569 925 639 χχ...

150 733 151 770 l
258 729 499 820 ἐξευλαβητέον
529 729 618 802 ἐστίν
641 725 688 808 εἷς
717 729 756 798 τὸ
786 727 874 820 ἱερὸν
896 727 979 817 (cod.
998 726 1046 808 είς
1068 729 1173 820 θέρος
1201 730 1288 818 quod
1306 752 1387 802 eurr.

256 823 606 922 Βείελδαο)λχιβάλλειν
615 836 670 904 καὶ
682 831 1058 926 κατάρχεσθαιθυσιῶν,
1069 828 1181 920 ὀλίγον
1192 832 1388 927 ἔμπροσθεν

255 938 569 1028 διαπεπραγμένοις
583 962 615 1002 τι
637 940 797 1004 τοιοῦτον.
842 937 880 1003 ln
903 937 1179 1019 hispsrumrecte
1200 937 1388 1010 Duebnerus

254 1063 296 1108 ex
325 1041 391 1108 cod.
413 1041 511 1108 Paris
538 1045 618 1108 1860
642 1041 676 1104 in
704 1040 815 1123 paucis
835 1041 1053 1120 vitiosissimo,
1073 1041 1208 1108 articulo
1240 1045 1285 1128 ιῷ
1310 1045 1383 1112 sub-

254 1148 361 1213 stituit
391 1171 461 1226 πιο,
492 1147 582 1212 cuius
609 1146 715 1218 nullus
739 1147 833 1230 plane
864 1146 915 1212 hic
953 1152 1002 1211 est
1029 1146 1131 1227 locus,
1162 1168 1220 1213 neo
1248 1147 1383 1219 toleran-

253 1249 314 1324 dus
337 1256 406 1317 erat
427 1249 513 1316 haud
535 1249 629 1315 dubie
652 1249 808 1330 vocalium
831 1237 1000 1314 concursus
1020 1249 1105 1318 inter
1130 1239 1165 1316 εὖ
1195 1245 1384 1334 ἑπομένοις,

187 1339 195 1354 ”
254 1375 327 1417 cum
343 1349 540 1433 praesertim,
563 1349 590 1412 si
611 1370 679 1414 rem
700 1349 802 1431 ipsam
823 1349 985 1427 intuearis,
1006 1343 1042 1416 εὖ
1064 1349 1225 1416 adiectum
1240 1352 1386 1419 rideatur

254 1457 461 1539 ineptissime.
492 1454 531 1519 Id
551 1454 636 1537 quod
651 1453 813 1520 Reiskium
833 1462 1034 1522 commovisse
1048 1457 1191 1540 suspicor
1212 1462 1248 1523 ut
1262 1466 1333 1540 post
1348 1452 1384 1525 εὖ

253 1551 377 1637 aliquid
405 1551 560 1618 excidisse
588 1552 810 1633 pronuntiaret
840 1553 875 1618 iu
902 1553 986 1620 hanc
1015 1554 1205 1630 sententiam
1228 1547 1265 1622 εὖ
1286 1579 1385 1623 ποι-

257 1657 414 1730 οῦντας
437 1650 630 1736 ἑπομένους,
652 1654 831 1736 promptius
852 1653 947 1720 credo
967 1676 1064 1738 quam
1084 1655 1298 1723 deliberatius
1328 1659 1383 1723 Ni·

256 1761 373 1825 mirum
394 1759 482 1823 locus
502 1759 676 1842 perexigua
698 1761 892 1826 correctione
913 1761 1049 1846 indiget,
1072 1768 1109 1827 ut
1132 1768 1165 1827 et
1184 1772 1385 1832 removeatur

255 1869 364 1934 hiatus
391 1874 423 1934 et
444 1867 619 1934 sententiae
642 1867 797 1950 adpareat
818 1870 1045 1935 convenientia.
1100 1870 1277 1957 Scripserat
1298 1877 1382 1940 enim

254 1969 444 2040 Plutarchus
466 1963 542 2056 ἡμῖν
564 1967 600 2032 δὲ
623 1971 668 2054 τῷ
690 1963 779 2054 νόμην
804 1967 936 2049 πόλεως
955 1972 1268 2053 συνεπομένοις
1290 1971 1381 2052 ἐξευ-

254 2075 419 2159 λαβητέον
440 2069 542 2150 ἐστίν,
565 2092 661 2154 quarn
680 2071 873 2138 locutionem
894 2074 1031 2154 praeivit
1047 2073 1136 2142 Plato
1157 2073 1197 2147 de
1219 2075 1314 2163 Iegg.
1337 2078 1398 2143 Xl-

253 2197 285 2260 p.
308 2174 402 2242 siud
423 2178 469 2260 τῷ
491 2172 582 2259 νόμην
606 2171 828 2258 ξυνεπόμενος
849 2177 930 2242 conl.
951 2177 1033 2246 Plut.
1052 2178 1131 2243 Mor.
1161 2200 1190 2261 p.
1224 2186 1316 2248 7352
1336 2175 1383 2259 ὥς

258 2278 456 2368 Ἐπίκουρος
478 2275 586 2344 οἴεται
608 2278 703 2366 μέχρι
725 2277 845 2345 τούτου
874 2282 1073 2370 Δημοκρίτῳ
1098 2280 1323 2369 συνεπόμενος
1350 2292 1385 2354 ot

252 2407 283 2470 p.
304 2389 343 2452 81
368 2405 386 2453 e
411 2381 526 2472 ὥσπερ
549 2385 620 2469 θεῷ
641 2386 687 2470 τῷ
709 2381 796 2470 λόγῳ
821 2386 977 2465 ταπεινὸς
998 2389 1189 2457 συνέπεται.
1242 2390 1291 2456 De
1312 2390 1383 2482 lege

255 2497 373 2570 autem,
403 2511 467 2577 qua
496 2487 659 2554 sacrificiis
688 2489 749 2554 rite
771 2509 899 2572 operam
930 2489 1036 2557 daturi
1064 2491 1227 2578 religionis
1248 2515 1384 2568 causae

255 2593 428 2683 concubitu
447 2591 602 2676 prohibiti
623 2613 691 2658 esse
713 2591 868 2672 dicantur,
891 2595 992 2666 multa
1011 2595 1134 2681 conlegi
1155 2596 1279 2675 Quaest
1302 2598 1383 2673 Plus

251 2703 302 2768 111
320 2723 350 2786 p.
375 2707 424 2780 39,
447 2701 562 2785 quibus
583 2701 679 2766 hodie
700 2701 879 2768 addiderim
900 2711 1029 2785 praeter
1048 2706 1245 2771 notissimum
1267 2707 1383 2782 Tibulli

251 2809 299 2888 11,
324 2814 391 2887 ne
413 2829 497 2892 sqq.:

385 2912 498 2981 Omnia
519 2912 584 2979 sint
603 2916 735 2996 operata
755 2912 828 2979 dcc:
852 2935 916 2979 non
938 2913 1055 2980 audeat
1074 2915 1139 2982 ulla

446 3013 620 3079 Lanificam
641 3014 747 3098 pensis
768 3013 944 3099 inposuisse
965 3036 1102 3084 manum.

382 3111 448 3179 Vos
472 3134 596 3199 quoque
619 3112 729 3179 abesse
751 3113 862 3195 procul
883 3113 991 3193 iubeo,
1013 3113 1157 3181 discedat
1175 3114 1215 3182 ab
1239 3115 1304 3181 aris

429 3216 502 3281 'oui
522 3218 598 3283 tuht
617 3216 767 3283 hesterna
789 3218 907 3303 gaudia
927 3224 1019 3285 nocte
1042 3219 1158 3285 Venus

385 3317 479 3384 Casta
500 3318 628 3401 placent
648 3319 788 3402 superis:

216 3427 221 3437 “
254 3444 284 3511 S.
301 3444 459 3535 Chrysost.
477 3445 517 3511 dc
535 3446 610 3530 virg.
628 3465 658 3527 p.
677 3448 732 3524 98,
751 3451 792 3511 44
810 3446 969 3532 πειρᾶται
987 3440 1179 3526 ἐμποδίζειν
1193 3436 1271 3529 ἡμῖν
1292 3442 1379 3508 κατὰ
1489 3515 1491 3520 ,

251 3542 309 3611 τδν
325 3548 383 3631 τῆς
401 3547 584 3635 προσευχῆς
600 3540 715 3635 καιρδν
733 3537 751 3608 δ
773 3538 947 3627 διάβολος,
969 3541 1027 3609 ἐὰν
1044 3541 1278 3631 διακεχυμένην
1294 3537 1383 3635 λάβη

252 3647 365 3741 ψυχὴν
387 3649 443 3717 καὶ
465 3644 532 3715 ὑπὸ
553 3652 612 3737 τῆς
634 3647 721 3741 πρὸς
743 3646 802 3737 τὴν
823 3652 961 3735 γυναῖκα
988 3644 1208 3733 συμπαθείας
1228 3648 1382 3732 μιμαλα-

252 3751 385 3837 χμένην,
403 3748 436 3817 τί
452 3746 512 3817 οὐκ
529 3749 705 3841 ἐργάσεται
724 3743 946 3839 τῇδεκοίκεῖσε
964 3748 1019 3815 καί
1036 3752 1096 3836 τῆς
1113 3745 1265 3829 διανοίας
1280 3742 1383 3841 ἄναρ-

251 3853 397 3945 ριπίζων
409 3848 632 3942 ὅφθαλμσύς;
646 3850 732 3943 ὅπερ
743 3852 798 3920 ἵνα
812 3851 858 3940 μὴ
867 3849 1180 3936 πάθωμεν-κελεύει
1189 3847 1223 3937 (ὁ
1231 3852 1382 3939 Παῦλος)

252 3958 312 4044 τῆς
335 3952 449 4042 κοίτης
469 3948 691 4041 ἀπηλλάχθαι
712 3949 798 4019 τότε.
842 3953 934 4032 Quod
954 3959 1061 4020 antem
1080 3955 1116 4019 in
1136 3954 1297 4037 prioribus
1311 3972 1383 4019 cum

248 4061 366 4128 lacuna
383 4065 504 4143 septem
513 4060 702 4126 litterarum
724 4060 873 4125 scribitur
892 4059 925 4124 in
938 4059 1034 4125 Vind.
1050 4058 1174 4127 πολλοὶ
1189 4059 1226 4125 δὲ
1242 4056 1382 4125 ἕκαστον

251 4160 379 4255 ἀγῶνες
401 4165 590 4249 ἐκδέχονται
612 4162 654 4232 δι’
685 4159 830 4253 ἡμέρας,’
857 4162 1023 4252 γυμνάσια
1044 4164 1082 4233 δὲ
1104 4158 1150 4243 ὦς
1171 4159 1254 4243 ἔπος
1274 4159 1382 4230 cincio

250 4272 416 4353 ἅπαντας·
434 4265 485 4351 οἷς
508 4266 584 4339 οἷίτε
600 4271 702 4339 καλὸν
725 4264 800 4337 οἷίιε
823 4272 996 4362 συμφέρον
1012 4268 1098 4343 οὕτω
1120 4266 1329 4352 διακείμενον
1344 4269 1384 4335 τὸ

249 4380 348 4461 σῶμα
372 4376 530 4466 παρέχειν
544 4372 699 4463 λυσσώσῃ
717 4371 876 4463 συνουσίην
894 4374 1043 4443 δια.
1060 4373 1127 4439 κτλ.
1144 4371 1179 4439 id
1194 4368 1385 4443 huebnerus

252 4481 409 4548 anoebio
432 4485 576 4557 auctore,
597 4479 669 4544 aliis
691 4476 755 4541 ulia
776 4476 865 4541 nullo
885 4496 958 4541 oum
978 4492 1123 4540 successu
1143 4471 1383 4555 temptantibus,

247 4582 535 4679 redintegrandum
553 4581 744 4666 opinabatur
765 4578 1089 4660 διαλελυμένον.
1133 4574 1172 4641 Id
1190 4575 1218 4641 si
1238 4576 1275 4641 in
1295 4575 1381 4640 oudi-

248 4690 344 4771 0ibus
365 4687 621 4783 castigatioribus
643 4687 795 4771 scriptum
822 4683 1031 4771 reperiretur,
1059 4682 1149 4752 haud
1169 4702 1244 4756 sane
1273 4682 1389 4769 inpro-
