3700 5625
729 603 944 675 „39-

274 780 410 864 quisque
431 797 526 845 sensu
545 777 727 844 arbitretur.
771 777 910 854 Quartae
933 773 1070 859 denique
1093 773 1404 856 coniecturaeque

275 883 438 966 Stephano
459 884 493 946 in
512 887 651 948 mentem
672 879 962 964 νοοὶ1μονονουχί,
984 881 1068 964 quod
1088 880 1249 962 pertineat
1269 877 1311 944 ud
1326 901 1404 942 συν-

277 991 406 1069 ουσιάς,
430 1011 487 1056 eur
505 1012 569 1056 non
592 991 873 1074 obtemperandum
893 990 1057 1068 ducamus,
1087 1011 1152 1054 nou
1181 1009 1259 1072 opns
1279 993 1328 1053 est
1349 1006 1401 1052 ex·

273 1119 402 1180 ponere.
446 1098 566 1182 Itaque,
589 1098 652 1162 nisi
672 1097 743 1181 quis
763 1097 844 1164 lorte
866 1097 995 1180 quintae
1018 1094 1160 1162 eiusdem
1174 1093 1327 1176 Stephani
1349 1113 1401 1157 su·

271 1199 418 1282 spitioni,
441 1197 684 1284 expungendum
712 1219 779 1264 esse
810 1192 883 1279 οόχί
911 1196 1073 1275 oboediat,
1102 1196 1249 1262 lubenter
1278 1212 1402 1260 mecum

269 1303 407 1384 recipiet
428 1302 591 1386 eliquanto
613 1302 679 1367 veri
701 1302 884 1367 similiorem
906 1307 939 1367 et
959 1301 1141 1378 litterarum
1161 1321 1243 1384 quae
1262 1298 1402 1363 traditae

271 1413 349 1474 sunt
369 1407 479 1473 formis
499 1407 834 1484 convenientissimam,
857 1411 893 1471 ut
914 1405 956 1471 sd
977 1407 1214 1488 persuasionem
1234 1404 1288 1469 vix
1310 1403 1399 1487 quie·

268 1539 368 1603 qnam
389 1517 488 1582 desit:
527 1509 573 1592 ιύς
597 1509 771 1602 ἀπάγοντα
800 1513 876 1591 τούς
905 1509 1081 1596 συμπότας
1103 1510 1205 1592 μετὰ
1226 1512 1401 1576 δεῖπνον

264 1617 372 1682 0Χο
386 1617 538 1680 ΥΜΕΝ
550 1615 656 1681 Orc
680 1610 738 1701 ἐφ’
760 1612 913 1692 ἵππιον,
937 1614 1032 1699 idque
1048 1613 1253 1679 Plutarchum
1273 1611 1398 1677 dedisse

268 1743 307 1785 eo
329 1719 539 1786 confidentius
559 1719 665 1786 dicere
688 1718 805 1798 licebit,
827 1719 911 1804 quod
934 1720 1031 1784 etiarn
1053 1719 1088 1783 in
1109 1720 1179 1783 loco
1203 1717 1394 1800 Xenophon·

263 1828 308 1892 tis
330 1826 426 1892 affine
452 1826 637 1910 adiungitur
662 1825 867 1907 participium
895 1820 1086 1906 ἀναβάντες.
1128 1817 1301 1903 Ὀχεῖσθαι
1334 1817 1393 1884 ἐπὶ

267 1929 335 1989 ειῦν
362 1924 479 1991 ἵππιον
510 1929 638 2008 praeter
665 1925 745 1990 alios
767 1925 848 1989 dixit
868 1923 1048 2006 Xenophon
1069 1922 1180 2008 Cyrop.
1202 1922 1265 2001 lv,
1288 1925 1323 1998 5,
1343 1924 1395 1997 58,

267 2024 427 2110 ὀχεῖσθαι
455 2027 553 2116 ἵππῳ
574 2031 642 2113 ipsc
664 2031 852 2096 Plutarchus
873 2031 907 2094 in
929 2031 984 2098 vit.
1006 2029 1079 2096 Oth.
1100 2034 1121 2096 6
1142 2028 1221 2094 conl.
1245 2024 1398 2093 Artemid

265 2123 296 2210 l,
325 2139 362 2199 12
384 2131 540 2220 ἐλέφαντι
561 2127 726 2214 ὀχεῖσθαι,
749 2133 780 2212 Ι,
801 2139 842 2200 20
866 2127 954 2218 deep
974 2127 1140 2214 ὀχεῖσθαι,
1166 2133 1295 2217 Ρεοοορ.
1316 2133 1348 2197 h.
1368 2151 1397 2215 g.

267 2234 299 2310 I,
329 2237 367 2298 18
389 2253 419 2316 p.
443 2237 499 2310 87,
526 2240 573 2300 17.
604 2234 633 2310 I,
659 2240 696 2301 19
718 2255 749 2317 p.
772 2240 826 2311 96,
853 2241 878 2300 1.
899 2234 930 2312 Ι,
952 2237 993 2300 28
1013 2254 1043 2315 p.
1067 2238 1141 2310 133,
1168 2231 1222 2313 17,
1251 2230 1309 2297 ἐπὶ
1328 2233 1394 2295 τῶν

263 2332 473 2426 ἁρμαμαξῶν
496 2330 649 2417 ὀχεῖσθαι
664 2337 744 2402 Plut.
758 2337 907 2404 Themist.
925 2336 1060 2403 2610111.
1076 2337 1190 2402 Athen.
1202 2334 1249 2399 Vl
1259 2355 1290 2417 p.
1307 2333 1397 2400 25611

264 2445 299 2506 ct
322 2439 468 2505 similiter
482 2438 561 2504 Plut.
580 2439 731 2508 0118132
749 2438 930 2528 ῥαβδοῦχοί
944 2465 1030 2518 τινες
1044 2435 1220 2522 ὀχούμενοι
1234 2435 1399 2526 καμήλοις

262 2535 418 2628 ἤλαυνον.
468 2533 686 2623 Ἐποχεῖσθαι
717 2536 771 2629 ἐφ’
800 2540 923 2620 ἵπποις
952 2549 1079 2626 praeter
1106 2543 1293 2609 Pausaniam
1313 2535 1398 2624 opud

261 2645 406 2711 novellos
426 2649 552 2710 tantum
570 2643 621 2712 m'e
643 2646 755 2730 legisse
778 2646 925 2722 arbitror,
948 2648 1047 2714 veluti
1059 2648 1184 2713 Annam
1204 2647 1395 2713 (lomnenam

265 2751 306 2831 (e.
321 2771 349 2835 g.
365 2769 395 2832 p.
412 2753 462 2827 27,
478 2753 519 2815 22
540 2742 593 2837 ἐφ’
614 2746 736 2827 ἵπποις
759 2748 989 2831 ἐποχούμενοι,
1014 2753 1181 2835 11111132,
1205 2758 1225 2818 4
1245 2750 1398 2834 praetulit

263 2856 330 2918 ειῖιν
351 2849 469 2917 ἵππιον
492 2850 526 2916 ἐν
550 2843 600 2929 οἷς
622 2852 843 2939 ε’·πιοχούνιο),
865 2855 950 2936 opud
966 2853 1104 2921 Leonem
1125 2856 1301 2921 diaconum
1322 2875 1394 2920 cum

264 2958 415 3044 genetivo
436 2958 578 3022 inustum
595 2958 746 3035 occurrit,
767 2964 910 3023 veterum
931 2958 1085 3041 exemplis
1105 2959 1203 3025 etiarn
1222 2958 1395 3034 testatiore,

265 3081 292 3128 c.
316 3081 398 3146 gsp.
420 3066 476 3140 22,
501 3068 537 3127 11
562 3060 600 3125 Η.
634 3055 686 3146 ἐφ’
715 3060 826 3127 ἵππου
859 3058 1000 3148 θηλείας
1031 3062 1271 3146 ἐποχούμενος,
1305 3063 1398 3129 euim

264 3164 337 3227 loeo
356 3162 442 3229 idern
470 3182 509 3227 ex
538 3160 763 3226 consuetudine
794 3160 1021 3246 Byzantiorum
1050 3163 1178 3229 infimae
1207 3166 1311 3229 sectae
1333 3162 1394 3229 sihi

264 3268 422 3335 concessit
442 3289 472 3350 p.
500 3273 594 3345 ld,3
627 3261 645 3329 ύ
673 3264 796 3345 ἵππος,
828 3264 875 3345 είς
906 3258 945 3333 ὃν
972 3268 1151 3351 ἐπωχεῖτο,
1171 3270 1251 3335 alios
1271 3271 1391 3355 gracci-

265 3376 349 3440 tatis'
366 3374 406 3439 ad
429 3374 593 3465 interitum
623 3372 760 3439 devexae
782 3375 966 3456 scriptores,
996 3375 1171 3459 exquibus
1196 3381 1388 3440 tamennon

265 3474 446 3541 fastidimus
459 3473 618 3540 interdum
631 3474 761 3540 baurim
776 3474 924 3541 fontibus.
954 3466 1190 3556 Ἕποχούμενοι
1204 3472 1328 3551 ἵπποις
1349 3496 1390 3542 ex

266 3577 444 3643 imitatione
473 3576 642 3641 cultiorum
668 3576 859 3658 scriptorum
880 3576 962 3641 dixit
983 3567 1183 3642 Herodianus
1203 3575 1258 3653 IV,
1285 3582 1338 3653 15,
1362 3581 1393 3643 3.

262 3688 406 3751 Zonaras
428 3684 538 3749 Annal.
561 3701 591 3767 p.
610 3688 685 3761 325,
708 3688 728 3748 2
749 3683 871 3765 placuit
892 3677 945 3769 ἐφ)
969 3681 1081 3749 ἵππου
1101 3680 1260 3765 βαδίζειν,
1292 3683 1392 3750 Iconi

261 3780 406 3854 Diacono
424 3806 454 3870 p.
470 3791 537 3865 132,
558 3792 596 3853 16
612 3780 665 3874 εἰμ’
682 3785 792 3851 ἵππου
811 3783 1006 3868 ἐπιβαίνειν,
1022 3786 1224 3870 antiquiores,
1239 3794 1277 3853 ut
1291 3789 1391 3855 Theo·

262 3890 445 3975 phylactus,
465 3894 607 3954 ueterum
630 3908 734 3966 usum,
760 3893 796 3953 ut
814 3889 850 3953 in
868 3887 1049 3972 linguarum
1072 3888 1207 3954 decursu
1228 3890 1278 3968 fit,
1304 3905 1390 3955 reco-

256 3997 362 4062 lentes
376 3994 533 4060 dederunt
548 3988 724 4075 ἐπιβάντες
738 3996 802 4057 ιιύν
817 3990 933 4058 ἵππιον
946 3992 1000 4058 cfr.
1014 3993 1094 4059 Hist.
1112 4002 1142 4077 p.
1156 4001 1223 4074 144,
1235 4001 1255 4060 4
1267 3999 1299 4059 et
1310 4000 1392 4077 quus

258 4108 335 4169 sunt
349 4101 466 4167 similia
478 4100 655 4183 plurima*)
684 4101 772 4166 Haeo
790 4101 875 4165 inter
894 4100 978 4167 viam
993 4122 1059 4167 non
1072 4102 1140 4166 sine
1154 4101 1300 4167 molestia
1313 4121 1388 4183 qua·

268 4246 467 4255 *--—----—.-·-

331 4322 358 4385 *)
380 4322 443 4375 Plus
470 4324 649 4377 admirationis
675 4324 755 4378 habet
779 4326 849 4390 quod
880 4327 955 4393 apnd'
974 4324 1200 4394 Theophylctturn
1226 4325 1287 4380 bist.
1306 4328 1339 4395 V,
1361 4332 1393 4383 lo

256 4432 281 4482 p.
303 4416 365 4477 225,
385 4415 400 4464 3
419 4410 600 4466 consentiente
619 4413 741 4484 Brlrlxero
767 4417 852 4469 oditur
878 4418 923 4469 καὶ
950 4411 1029 4489 ῥώμῃ
1054 4412 1227 4483 κεκρατηκὼς
1244 4414 1258 4470 ὃ
1278 4415 1392 4491 Νύροης

258 4500 323 4561 τοὺς
339 4504 441 4561 ἱππέας
466 4504 534 4555 tuin
556 4498 812 4571 ἵπποχούνιων
843 4503 995 4573 ἀπέβαλεν,
1018 4516 1130 4567 qnorum
1154 4503 1222 4558 haec
1239 4508 1281 4559 vis
1297 4508 1393 4561 dicitnr
1434 4510 1436 4514 ’

257 4600 333 4639 esse:
361 4590 393 4637 ab
412 4587 482 4651 equis
502 4588 623 4639 ‹lrieiebat
642 4590 750 4653 equites,
775 4590 851 4641 cuius
879 4603 965 4653 neque
990 4588 1053 4639 ratio
1074 4604 1161 4655 neque
1185 4594 1260 4646 testis
1281 4594 1389 4646 sistitur.

257 4673 311 4725 Sed
330 4678 403 4725 totus
421 4672 465 4723 ille
486 4672 579 4739 locus,
598 4680 627 4726 nt
644 4674 773 4741 permulta
790 4678 816 4727 in
835 4674 877 4727 his
898 4675 987 4739 libris,
1007 4675 1184 4740 perobscurus
1202 4684 1249 4733 cst.
1286 4678 1389 4730 interim

259 4759 428 4825 1011111111
446 4752 538 4833 ῥύμμ
556 4752 733 4834 conquiniscit.
1122 4773 1125 4780 ’
1177 4776 1180 4781 ·
1365 4770 1370 4777 ’
