3700 5625
743 601 955 674 ...19-

277 759 378 844 tisper
404 761 561 828 laxaverit
591 765 821 833 conferentium
849 791 941 850 cure,
972 773 1079 841 taedio
1112 784 1186 845 sane
1214 783 1406 866 plenissima,

277 873 374 952 quam
403 869 437 933 in
457 869 524 935 vita
544 869 695 938 Demetri.
740 875 898 942 Nimirum
925 881 1069 962 quamvis
1089 884 1258 968 multiplici
1277 890 1311 953 in
1331 890 1404 955 vitis

273 973 392 1038 virtute
409 973 543 1041 excellat
565 975 672 1057 codex,
694 983 811 1058 tamen,
833 1000 904 1045 cum
919 1003 984 1046 non
1000 1006 1039 1050 ex
1057 1005 1120 1051 uno
1134 987 1241 1073 aliquo
1260 992 1402 1073 exemplo

271 1087 429 1168 repetitus
452 1086 507 1153 sed
529 1110 568 1153 ex
590 1087 712 1154 duobus
731 1089 871 1157 tribusve
893 1092 1098 1159 concinnatus
1119 1097 1280 1178 videatur,
1302 1105 1339 1164 ut
1360 1101 1430 1164 si-·

271 1192 381 1258 milem
400 1193 466 1258 fere
489 1213 561 1258 mea
583 1195 741 1260 sententis
761 1200 856 1280 atque
878 1195 1040 1265 Parisinus
1063 1205 1143 1269 1676
1165 1204 1321 1289 originem
1341 1206 1398 1270 hs-

270 1295 349 1362 beat
369 1301 406 1362 ac
429 1302 592 1376 naturam,
624 1297 826 1363 manifestum
848 1306 910 1380 est,
939 1323 1002 1367 non
1031 1324 1103 1369 eum
1123 1309 1225 1371 totum
1246 1308 1328 1372 tanti
1353 1307 1398 1372 ie-

270 1401 421 1468 ciendum
443 1424 518 1469 esse.
564 1401 612 1467 Sit
634 1405 770 1486 optimus
792 1405 826 1469 in
848 1404 933 1485 aliis,
963 1429 1097 1490 quarum
1121 1411 1273 1476 sincerius
1294 1432 1419 1478 exem.

267 1507 359 1589 plum
380 1508 434 1592 qui
457 1529 530 1573 eum
552 1509 771 1575 conscribebat
792 1515 903 1576 nactus
924 1519 1008 1590 erat,
1040 1515 1074 1578 in
1096 1517 1167 1582 aliis
1189 1523 1274 1584 certe
1296 1519 1399 1584 minus

179 1635 184 1691 j
267 1615 319 1676 est
339 1610 510 1678 laudabilis
533 1618 565 1677 et
586 1614 709 1678 cautius
730 1616 939 1697 usurpandus.
1119 1698 1123 1705 .

293 1720 299 1732 '
356 1710 413 1793 lta,
435 1716 472 1779 ut
490 1714 651 1797 specimen
671 1735 803 1797 ponam,
827 1737 902 1780 nem
922 1717 961 1781 de
992 1719 1106 1784 ceteris
1133 1721 1220 1799 vitis,
1247 1723 1397 1806 quoniam

268 1825 343 1880 eam
372 1812 465 1882 molis
493 1817 704 1884 accessionem
731 1817 785 1882 hic
818 1817 946 1884 libellus
974 1839 1038 1884 non
1065 1822 1196 1905 recipit,
1227 1823 1307 1889 alius
1334 1825 1397 1890 erit

269 1915 447 1986 disserendi
468 1921 555 1988 locus
576 1921 626 1988 vel
648 1921 727 1986 mihi
746 1921 796 1987 vel
817 1921 881 2001 alii,
901 1923 956 2007 qui
977 1923 1056 1988 meis
1075 1924 1123 1988 uti
1145 1923 1222 1991 velit
1242 1922 1392 1993 conlatio·

263 2023 369 2104 nibus,
382 2027 417 2091 in
432 2048 498 2110 cap.
513 2033 552 2094 19
568 2025 709 2094 eiusdem
720 2027 812 2108 vitae,
825 2027 909 2111 quod
924 2027 1079 2094 aSinteni
1094 2029 1184 2096 iuxta
1194 2052 1266 2096 cum
1277 2031 1392 2099 Schoe-

263 2125 333 2193 fero
344 2129 508 2195 sanissimo
518 2128 636 2195 iudicio
647 2130 869 2214 requirebatur
878 2129 1018 2214 γεγονώς
1030 2128 1085 2216 ἔτη
1103 2127 1393 2248 τῶνῦόγόοηνοντα

261 2233 410 2300 omnibus
427 2235 571 2318 apicibus
600 2237 725 2301 extat
708 2257 743 2299 m
764 2234 878 2301 codice
923 2235 962 2298 In
984 2233 1133 2300 eodem
1124 2236 1224 2300 inciso
1246 2239 1305 2319 pro
1326 2237 1390 2304 vol·

261 2344 338 2424 gato
361 2339 502 2426 μεγέθει
530 2339 568 2406 δὲ
597 2341 652 2406 καί
654 2337 842 2456 βαρύτητι
871 2338 1028 2422 σώματος
1059 2334 1238 2422 μᾶλλον”
1217 2369 1236 2428 η
1267 2341 1324 2406 διὰ
1351 2344 1390 2408 τό

268 2445 372 2532 γῆρας
411 2443 481 2510 ἕπί
519 2442 590 2522 τοὶς
627 2421 860 2533 σῖἶρατείας
896 2440 1036 2532 γεγονιός
1072 2444 1390 2534 δυσπαρακόμιστος

260 2545 361 2611 cocleis
373 2551 515 2630 praestat
534 2545 604 2613 ἐπὶ
627 2547 698 2624 τὰς
721 2545 986 2633 στρατηγίας
1009 2546 1137 2631 quodsi
1156 2567 1220 2612 non
1234 2549 1387 2631 recipien-

262 2651 341 2716 dum
362 2657 396 2717 et
417 2658 503 2718 certe
524 2649 699 2718 notandum
720 2658 795 2719 erat.
774 2653 971 2718 tltem
962 2675 995 2717 m
1026 2673 1094 2736 cap.
1118 2659 1159 2720 44
1190 2672 1270 2719 unus
1301 2661 1389 2721 vetus

259 2757 422 2827 Palatinus
452 2760 587 2829 feliciter
616 2762 751 2829 servavit
782 2762 837 2828 καί
866 2763 928 2827 τοῦ
956 2758 1057 2848 λόγου
1087 2759 1213 2843 ταχέως
1240 2758 1289 2840 είς
1310 2761 1391 2841 τούς

262 2858 465 2942 Μακεδόνας
488 2860 769 2942 ἐκπεσόντος,
802 2864 857 2929 ubi
877 2862 962 2948 quod
984 2863 1083 2929 libros
1103 2864 1242 2928 novicios
1264 2864 1389 2930 obsidet

259 2962 544 3048 ἐμπεσόντος,
576 2968 653 3034 licet
680 2988 737 3051 per
768 2988 800 3033 se
830 2968 897 3033 sine
919 2988 1035 3053 magna
1056 2968 1232 3033 sententiae
1251 2968 1383 3034 inclina·

255 3066 346 3133 tione
367 3072 524 3135 staret
468 3076 524 3153 pot
525 3070 605 3137 uisse
626 3092 690 3137 non
712 3072 893 3157 negaverim
918 3071 993 3157 (cfr.
1014 3068 1153 3137 Sintem's
1174 3071 1216 3137 ed
1237 3072 1385 3139 Themist.

254 3191 286 3254 p.
309 3176 350 3239 40
381 3176 414 3239 et
441 3172 638 3241 Schoemann
665 3176 706 3241 sd
734 3175 848 3241 Cleom.
878 3198 902 3241 c.
926 3180 974 3255 33,
1008 3184 1051 3254 1.,
1082 3188 1272 3298 quamquam
1301 3178 1386 3261 quod

256 3272 378 3357 egregii
399 3273 434 3338 hi
462 3274 618 3357 interpret
619 3297 652 3341 cs
681 3276 720 3342 de
750 3276 984 3359 conpositorum
1009 3297 1081 3340 cum
1103 3274 1138 3342 ἐν
1158 3274 1229 3342 et
1213 3300 1249 3340 εκ
1271 3274 1381 3340 discri-

254 3378 341 3443 mine
371 3382 461 3445 acute
489 3379 720 3458 disseruenmt,
750 3402 767 3447 e
794 3380 991 3447 Plutarcheis
1025 3385 1110 3447 certe
1141 3378 1294 3459 exemplis
1321 3400 1384 3444 non

252 3496 383 3567 prorsus
419 3485 655 3569 consequitur),
694 3505 777 3548 nuno
812 3505 883 3548 cum
923 3478 1126 3559 ἐκπεσόντος
1157 3502 1178 3546 s
1207 3481 1290 3547 libro
1317 3488 1385 3547 tam

254 3590 415 3668 spectatae
445 3586 520 3652 fidei
554 3584 695 3651 oblatum
725 3584 782 3662 sit,
811 3583 920 3667 utique
958 3578 1201 3665 praeferendum
1228 3585 1284 3645 est.
1320 3579 1381 3645 cfr.

251 3680 366 3758 Cleom.
390 3700 409 3759 5
432 3688 518 3759 ὥστε
546 3690 602 3757 καὶ
629 3690 708 3778 περὶ
733 3684 876 3779 Ἀράτου
907 3683 1021 3777 φήμην
1050 3684 1202 3752 ἐκπεσεῖν
1231 3683 1278 3765 εἰς
1305 3686 1383 3765 τούς

244 3793 409 3883 Ἓλληνας
430 3797 510 3865 conl.
532 3796 647 3887 Anton.
672 3802 721 3863 75.
755 3793 876 3859 Eodem
895 3792 964 3858 iure
986 3813 1012 3859 c.
1036 3798 1068 3857 ll
1087 3791 1122 3854 in
1142 3791 1248 3858 verbis
1269 3789 1382 3857 καθοί-

249 3925 316 3991 περ
347 3898 380 3967 οὶ
402 3904 521 3967 Πυθοῖ
548 3901 608 3979 τός
629 3896 833 3983 Ὀλυμπίαζε
861 3896 921 3974 τὰς
951 3890 1115 3984 πατρίους
1143 3891 1267 3972 θυσίας
1295 3888 1382 3984 ὑπὲρ

249 4032 316 4073 των
333 4000 508 4073 πόλεων
487 4005 722 4092 ανόγοντες
744 4001 778 4069 ἐν
797 4008 871 4080 ταῖς
891 3994 1131 4087 Ἑλληνικαῖς(
1118 4003 1250 4089 εορταῖς
1269 4020 1310 4065 ex
1327 4017 1378 4063 eo-

249 4106 324 4174 dem
343 4106 450 4173 codice
470 4106 629 4174 edendnm
655 4108 717 4171 erit
739 4100 980 4207 ἀπάγοντες
1006 4109 1043 4167 ut
1062 4102 1140 4168 Mor
1163 4122 1195 4184 p
1221 4106 1305 4167 16οο
1333 4104 1383 4186 τῷ
1463 4130 1466 4135 -

249 4204 440 4283 Ποσειδῶνι
464 4202 589 4269 θυσίαν
611 4206 667 4269 καί
687 4201 838 4291 θεωρίαν
862 4198 1000 4287 ἀπάγων
1024 4200 1173 4282 (simplex
1193 4197 1354 4280 usurpat
1344 4220 1379 4263 ιιι

244 4308 312 4377 Nic.
333 4316 352 4377 3
376 4336 434 4398 την
458 4306 608 4401 θεωρίαν
630 4301 743 4398 ἦγεν),
768 4307 872 4395 Symp.
892 4330 921 4393 p.
946 4305 1092 4375 62ss
1057 4332 1114 4393 την
1139 4301 1303 4372 ἐπινίκιον
1323 4305 1379 4372 καί

248 4408 527 4504 πυθόχρηστον
507 4416 638 4502 απῆγον
654 4408 838 4479 Αἰαντίδαι
860 4408 986 4479 θυσίαν
1006 4410 1054 4487 είς
1069 4411 1274 4495 Κιθαιρῶνα
1293 4415 1327 4476 et
1339 4432 1379 4475 ex

243 4520 473 4649 Wytteubaclri
495 4521 594 4604 copiis
615 4519 657 4587 ad
672 4520 751 4584 Mor.
773 4540 803 4601 p.
821 4524 907 4587 16οο
930 4513 1088 4599 congestis
1106 4512 1194 4577 Arist
1193 4512 1236 4582 id
1253 4512 1322 4596 lp.
1336 4518 1375 4578 25

244 4621 445 4718 θαυρίας’
425 4625 624 4713 cocytum
650 4630 698 4712 τῷ
726 4648 762 4691 τε
790 4622 982 4713 Ποσειδῶνι
1012 4617 1069 4685 καί
1094 4620 1214 4709 τῇγ
1164 4613 1201 4682 ’A
1200 4614 1375 4705 μφιτρίτη,

242 4752 338 4815 quem
366 4730 506 4813 praeivit
534 4730 624 4796 Plato
652 4728 770 4797 Phaed.
792 4748 821 4810 p
852 4725 923 4793 58b
952 4721 1105 4814 θεωρίαν
1134 4716 1286 4798 suasor.
1331 4719 1379 4784 Ac'

1169 4840 1211 4893 2·
