3700 5625
732 637 948 704 ..11-

264 804 470 888 quentissimo
490 807 597 869 temen
625 823 684 868 usu
712 803 881 870 locutionis
911 803 1030 893 πόρρω
1058 800 1190 891 ἡλικίας
1211 800 1304 891 ἥκων
1324 808 1393 880 eta,

266 931 287 976 a
312 909 443 975 Platone
467 907 518 974 ad
548 909 738 990 posteriores
769 909 974 975 transmissae
1004 913 1100 992 atque
1131 909 1227 975 altius
1259 907 1390 974 delixae

266 1035 362 1099 quam
380 1017 417 1080 ut
431 1014 605 1096 exstirpare
621 1016 762 1096 potuerit
779 1015 1027 1098 Byzantinorum
1047 1020 1148 1094 aetas,
1169 1013 1318 1099 equibus
1332 1013 1388 1082 ad·

265 1117 376 1183 tulisse
398 1117 474 1182 satis
493 1117 555 1182 erit
574 1115 703 1199 Procop.
726 1117 756 1183 b.
779 1139 806 1202 g.
829 1117 852 1194 l,
873 1121 892 1184 3
914 1136 945 1199 p.
962 1122 1009 1193 16,
1032 1120 1073 1182 20
1096 1111 1213 1203 πόρρω
1237 1139 1303 1182 που
1325 1108 1388 1202 ἤδη

267 1215 397 1308 ἡλικίας
412 1216 509 1306 ἥκων.
525 1219 549 1299 Ι,
574 1226 610 1287 11
627 1241 658 1303 p.
674 1225 723 1298 61,
745 1224 764 1286 8
787 1214 970 1306 blericurte
989 1215 1106 1306 πόρρω
1122 1213 1254 1305 ἥκοντα.
1280 1216 1389 1283 loann.

265 1321 407 1390 Cinnam
428 1320 512 1404 Epit
536 1343 566 1405 p.
589 1329 617 1400 5,
642 1330 656 1388 1
681 1321 722 1386 bl
753 1314 848 1410 όνόρό
872 1318 990 1408 πόρρω
1018 1321 1078 1406 τῆς
1106 1312 1238 1406 ἡλικίας
1264 1316 1387 1406 ἥκοντι,

267 1450 378 1496 vereor
394 1451 435 1496 ne
455 1431 560 1496 verius
581 1429 686 1494 locum
705 1448 763 1511 per
781 1426 1062 1510 transpositionem
1081 1425 1266 1492 emendasse
1278 1425 1391 1493 ridear

264 1538 324 1604 hoc
345 1535 454 1603 modo:
478 1529 559 1623 όνῆρ
576 1530 758 1623 villalupae
775 1531 863 1620 ἥκων
880 1530 998 1622 πόρρω
1016 1533 1181 1617 utiturque
1201 1532 1390 1599 Plutarchus

264 1637 361 1704 simili
382 1637 539 1721 positura,
568 1635 680 1702 eadem
707 1636 741 1699 ni
762 1634 857 1701 fallor
877 1634 986 1700 histris
1005 1633 1082 1718 fuge
1102 1633 1238 1710 sancita,
1266 1633 1301 1698 in
1322 1633 1388 1699 vita
1491 1688 1504 1708 ,Δ

264 1741 387 1808 Camill.
410 1745 468 1807 37:
499 1736 642 1824 γεγονώς
662 1738 722 1820 μὲν
747 1732 879 1826 ἡλικίας
899 1729 964 1824 ἤδη
987 1734 1114 1825 πρόσω.
1457 1805 1460 1810 ,

351 1843 411 1908 His
438 1841 624 1908 subnectere
644 1840 734 1908 lubet
761 1840 985 1906 difficillimum
1012 1841 1116 1906 locum
1144 1859 1184 1906 ex
1204 1839 1309 1926 Symp.
1329 1828 1387 1922 ῙΧ,

268 1956 316 2028 14,
343 1956 354 2015 1
390 1969 420 2031 p.
444 1952 505 2014 743
528 1947 557 2025 d,
585 1948 621 2012 in
645 1969 708 2030 quo
740 1945 944 2030 expediendo,
975 1947 1124 2030 queniam
1154 1968 1212 2013 nec
1240 1947 1391 2027 codicum,

264 2053 327 2120 nisi
348 2051 475 2137 quando
492 2051 682 2135 integriores
704 2071 796 2133 opem
817 2051 964 2128 tulerint,
988 2071 1046 2116 nec
1068 2049 1203 2117 eliorum
1222 2046 1388 2118 ancmrum

262 2154 363 2237 copiis
390 2153 545 2220 adhibitis
568 2153 733 2236 persanari
751 2157 869 2236 potest,
899 2152 942 2220 ad
963 2154 1160 2220 coniectandi
1179 2155 1284 2222 aleam
1301 2157 1383 2224 redi·

263 2259 376 2346 gimur.
428 2255 583 2325 Luxuriat
615 2259 663 2326 ibi
691 2259 880 2325 Plutarchus
911 2279 971 2342 pro
997 2280 1086 2326 more
1115 2261 1150 2324 in
1178 2261 1388 2346 originatiene

263 2365 426 2430 Musamm
448 2363 612 2428 nominum
626 2360 796 2444 Calliopes,
826 2362 1017 2446 Polymniae
1039 2362 1194 2446 Euterpes
1220 2362 1417 2438 indicanda.

264 2487 302 2533 ac
322 2465 545 2532 vocabulorum
565 2464 795 2551 significatione
815 2487 874 2549 per
894 2467 1174 2549 interpretationes
1202 2467 1388 2554 allegoricas

264 2563 468 2630 inlustranda
512 2565 561 2632 De
582 2564 747 2650 Polymnia
777 2601 820 2616 -
848 2585 922 2632 nam
945 2570 1068 2633 ceterae
1089 2567 1171 2634 nibil
1191 2567 1234 2634 ed
1254 2590 1323 2636 rem
1343 2607 1388 2620 -

263 2672 342 2738 bace
360 2671 507 2752 exponit:
530 2665 552 2758 ἥ
573 2693 609 2736 rs
629 2668 807 2754 Πολύμνια
836 2668 874 2735 τό
897 2667 1075 2760 ἱστορικόν·
1098 2667 1170 2740 ἔστι
1191 2672 1253 2761 γὰρ
1274 2675 1385 2763 μνήμη

263 2773 405 2854 πολλῶν,
427 2772 561 2856 ἐνιαχοῦ
580 2771 987 2866 terciumdecimum
1010 2775 1050 2842 ἒν
1073 2773 1188 2867 λείῳ,
1212 2777 1383 2858 regulet-

262 2900 324 2957 σας
347 2877 478 2956 Μνείας
497 2878 678 2944 καλεῖσθαι
701 2878 861 2963 λέγουσιν.
906 2880 968 2959 Qui
995 2880 1031 2943 in
1059 2881 1383 2965 verbisconuptisei·

258 2982 325 3048 mis
361 2976 478 3071 ὥσπερ
505 2982 539 3049 ἐν
566 2976 646 3067 λείῳ
672 2981 736 3048 loci
763 3004 878 3049 nomen
908 2981 1092 3051 delitescere
1120 2984 1271 3069 suspicati
1306 2993 1388 3066 sunt,

260 3102 374 3165 parum
395 3082 619 3167 circumspecte
642 3084 743 3169 egisse
764 3082 927 3171 videntnr3
953 3106 1028 3151 nam
1059 3094 1266 3172 praepostera
1291 3091 1387 3175 plane

260 3186 295 3251 ni
323 3185 417 3251 fallor
437 3185 591 3251 eiusmodi
618 3184 756 3251 nominis
784 3190 857 3269 post
887 3182 1002 3264 πόσας
1023 3196 1107 3255 esset
1131 3191 1322 3271 conlocatio,
1353 3199 1386 3261 et

259 3290 324 3357 alia
345 3290 475 3356 offensio
497 3290 583 3357 baud
606 3291 708 3359 lenior
729 3292 839 3358 existit
859 3314 899 3359 ex
920 3312 966 3371 eo,
992 3293 1077 3377 quod
1097 3316 1211 3378 pamm
1231 3296 1385 3366 credibile

259 3398 309 3459 est
334 3392 505 3457 Plutarcho
530 3414 599 3458 rem
628 3392 708 3459 adeo
737 3392 868 3459 dubiam
899 3392 1010 3471 luisse,
1047 3400 1084 3459 ut
1109 3400 1277 3479 postquam
1298 3401 1386 3462 certe

259 3496 398 3582 quodam
425 3497 494 3561 loco
521 3497 628 3561 Musas
659 3495 791 3575 Μνείας
827 3500 1007 3581 nuncupari
1035 3497 1190 3577 docuerit,
1221 3499 1387 3567 admiserit

177 3654 179 3659 ,
258 3608 368 3669 tamen
388 3600 520 3665 verbum
546 3598 698 3683 λέγουσιν
706 3650 714 3676 ,
737 3599 822 3683 quod
843 3602 1025 3685 ambiguam
1045 3601 1151 3683 potius
1181 3622 1289 3669 rerum
1310 3624 1382 3671 nar·

258 3713 402 3775 ratarum
428 3703 552 3773 redolet
571 3702 674 3770 tidem.
726 3697 809 3769 Nam
829 3706 876 3771 ita
899 3707 955 3790 qui
973 3705 1115 3789 loquitur
1134 3707 1288 3788 ostendit,
1316 3732 1385 3778 sese

257 3814 320 3879 loci
349 3831 412 3895 quo
441 3810 518 3894 quid
547 3809 666 3875 laetum
695 3808 737 3873 sit
764 3808 841 3873 satis
869 3830 1003 3893 gnarum
1033 3830 1117 3889 esse,
1147 3809 1248 3877 nihilo
1276 3817 1385 3880 umen

257 3916 361 4002 magis
378 3915 481 3997 ipsam
505 3934 587 3990 rem,
609 3932 706 3995 quam
720 3909 838 3977 alieubi
860 3911 979 3976 factam
1000 3932 1068 3977 esse
1087 3913 1237 3979 statuerit
1256 3914 1308 3980 vel
1327 3937 1382 3981 au·

259 4016 375 4089 diendo
389 4018 561 4095 resciverit,
581 4017 705 4081 incerta
726 4015 817 4099 quasi
839 4014 913 4081 sede
934 4015 1043 4101 vagari
1065 4021 1162 4100 atque
1183 4036 1297 4099 parum
1317 4036 1385 4083 esse

259 4124 467 4208 compertam,
497 4142 593 4204 quae,
622 4140 728 4185 meum
754 4118 781 4183 si
810 4140 927 4203 sequor
946 4140 1086 4197 sensum,
1115 4140 1265 4203 perversa
1285 4123 1387 4187 estet

259 4232 369 4313 inepta
398 4226 629 4294 sententiarum
663 4222 847 4305 conpositio.
913 4222 1000 4308 Ergo
1030 4222 1181 4306 quoniam
1214 4240 1279 4284 non
1310 4220 1386 4287 tulis

260 4332 365 4400 animo
385 4329 551 4397 informari
571 4347 662 4410 posse
683 4325 809 4391 videtur
830 4326 989 4392 enuntiati
1008 4324 1198 4408 conpositio,
1219 4345 1302 4409 quae
1324 4348 1382 4393 no·

190 4456 196 4463 ·
259 4454 333 4503 men
355 4433 444 4499 urbis
472 4429 649 4517 regionisve
685 4427 850 4506 admittat,
882 4412 963 4493 illud
1000 4447 1112 4509 reapse
1140 4424 1194 4491 vix
1224 4429 1385 4497 mentione
1481 4502 1486 4513 ,

258 4538 405 4623 dignum,
432 4533 518 4618 quod
546 4532 666 4597 fmstra
686 4528 790 4595 adhuc
811 4530 990 4613 quaesitum
1018 4532 1067 4592 est
1087 4525 1150 4593 loci
1171 4549 1302 4609 nomen,
1332 4530 1384 4596 cni

258 4636 327 4703 iure
347 4655 404 4705 suo
423 4630 585 4717 adsigunri
599 4629 741 4713 potuerit
757 4629 819 4695 iste
835 4629 995 4695 Musarum
1010 4626 1122 4696 cultus.
1165 4628 1232 4699 Nee
1252 4630 1383 4709 mirums

258 4737 354 4803 immo
387 4756 459 4801 cum
493 4756 514 4801 a
541 4730 629 4800 nullo
657 4730 721 4797 alio
751 4733 906 4814 qnantum
934 4727 1133 4797 meminerim
1160 4730 1315 4812 scriptore
1341 4726 1384 4799 de
