3700 5625
731 596 944 662 -43..

275 756 311 824 in
322 757 495 842 archetypo
506 758 586 826 brec
598 759 782 844 incorrupte
795 763 927 826 exarata
938 763 1043 826 essent
1054 759 1093 820 A
1096 761 1125 818 Υ
1129 755 1206 820 w!
1208 757 1274 819 TA
1279 756 1364 820 ΥΊῸ
1372 759 1405 833 l',

277 868 430 946 mquam
457 863 492 926 in
519 863 628 929 oculos
654 865 789 930 incmrit
818 885 894 930 vers
919 868 954 928 et
979 862 1107 946 elegans
1132 859 1290 942 scriptura
1321 851 1405 925 ἀνα-

277 965 490 1051 πίμπλανται
520 968 582 1056 ηιιίρ
602 965 725 1034 αὐτοὶ
754 964 911 1034 ταύτοῦ
935 966 1135 1055 χρίσματος,
1164 970 1203 1030 ut
1222 963 1404 1046 saepissime

274 1069 416 1134 locutum
440 1071 581 1137 invenies
601 1077 771 1138 auctorem.
816 1069 919 1136 Simili
944 1068 1023 1133 vitio
1043 1066 1228 1150 inquinatus
1249 1070 1299 1132 est
1316 1065 1405 1130 locus

274 1175 361 1256 apud
382 1175 497 1241 Athen
519 1175 569 1240 III
590 1196 620 1257 p.
644 1175 713 1242 ssf
731 1175 786 1241 ubi
808 1174 847 1240 de
868 1193 1083 1256 purpurarum
1103 1167 1306 1254 generatione
1326 1167 1402 1232 seri·

275 1277 366 1343 bitur
387 1276 445 1344 ὲάν
467 1280 504 1344 δὲ
528 1278 606 1366 πρὶν
636 1278 778 1346 ἐκτεκεῖν
798 1272 931 1356 ἁλῶσιν,
955 1271 1061 1341 ἐνίοτε
1083 1273 1117 1338 ἐν
1137 1278 1211 1350 ταῖς
1230 1268 1402 1360 φορμίσιν,

274 1375 325 1457 εἷς
348 1381 386 1446 δὲ
408 1385 505 1446 τοῦτο
523 1385 697 1448 συνιοῦσαι
724 1379 918 1448 ἐκτίκτουσι.
965 1380 1005 1444 ln
1021 1379 1073 1444 his
1092 1375 1310 1461 reponendum
1338 1395 1405 1441 esse

155 1482 159 1496 '
272 1479 363 1548 vides
384 1477 432 1559 εἰς
453 1483 490 1548 δὲ
511 1479 612 1548 ταύτὸ
635 1487 818 1563 συνιοῦσαι,
847 1483 888 1551 de
910 1485 1001 1550 cuius
1021 1481 1252 1550 emendationis
1271 1480 1406 1548 veritate

272 1591 365 1652 tento
394 1588 500 1654 minus
529 1588 702 1656 dubitandi
730 1595 910 1668 causaest,
938 1611 1003 1674 quo
1023 1589 1141 1656 certius
1168 1592 1218 1654 est
1238 1587 1406 1668 desumpta

272 1707 342 1752 esse
372 1687 453 1752 baec
482 1710 524 1754 ex
545 1689 674 1755 Aristot
698 1712 725 1756 a.
747 1691 777 1756 b.
798 1689 841 1768 V,
867 1697 919 1768 15,
942 1696 963 1756 2
992 1687 1051 1754 ἐὰν
1085 1688 1130 1769 δὲ,
1152 1687 1231 1778 πρὶν
1260 1685 1402 1754 ἐκτεκεῖν

272 1783 409 1870 ἁλῶσιν,
432 1789 538 1858 ἐνίοτε
550 1792 584 1858 ἑν
602 1798 675 1871 ταῖς
695 1790 856 1881 φορμίσιν
871 1787 930 1874 οὐχ
958 1789 1045 1858 ὅπου
1060 1788 1170 1874 ἔτυχεν
1190 1785 1402 1869 ἐκτίκτουσιν,

272 1891 347 1962 ἀλλ’
372 1896 420 1978 είς
443 1897 560 1966 ταύτὸν
582 1897 702 1968 ἰοῦσαι.
734 1901 782 1966 De
802 1901 960 1968 locutione
982 1898 1206 1986 συνέρχεσθαι
1229 1891 1277 1974 είς
1298 1888 1400 1961 ταύτό

272 2003 434 2070 similibus
465 1999 566 2070 fusius
594 2005 715 2070 dietum
742 2005 846 2072 estin
867 2004 993 2083 Qimest.
1014 2003 1095 2068 Plut
1116 2001 1168 2066 111
1189 2020 1221 2083 p.
1241 2006 1283 2066 50
1305 2003 1339 2065 et
1355 1997 1402 2062 IV

271 2133 304 2194 p.
321 2117 362 2180 23
384 2097 467 2190 σοι,Ι
479 2114 594 2196 quibus
611 2113 706 2179 bodie
730 2136 770 2179 ex
790 2112 963 2180 serioribus
988 2111 1168 2178 addiderim
1182 2109 1312 2190 Procop.
1327 2107 1358 2173 b.
1372 2129 1403 2192 g.

270 2217 401 2295 111‚·20
429 2238 459 2299 p.
482 2222 558 2296 365,
581 2223 618 2286 13
649 2216 683 2295 ἐς
710 2215 824 2303 κοίτην
854 2216 918 2284 τινί
949 2215 1123 2294 ξυνελθεῖν
1157 2214 1208 2280 vel
1233 2208 1280 2290 είς
1309 2205 1404 2298 εὐνήν

271 2343 339 2386 τοι
422 2320 488 2399 111,
511 2327 550 2388 31
573 2343 603 2404 p.
627 2327 745 2400 sose
777 2322 840 2401 IV,
867 2329 905 2390 ιο
927 2344 957 2404 p.
977 2326 1095 2400 sous
1128 2317 1300 2403 meopnyi
1329 2317 1403 2385 hist.

270 2421 329 2498 IV,
351 2429 371 2489 6
392 2430 512 2506 p.171,
538 2428 576 2491 is
603 2422 811 2514 παρενεμγύα
833 2427 875 2512 τῇ
896 2423 1026 2510 γυναικί
1047 2423 1081 2500 ἒς
1102 2415 1222 2488 rededi
1244 2416 1339 2507 εὐνῆς
1357 2423 1399 2507 τῇ

270 2519 472 2613 φρουράρχη
496 2523 654 2610 γενέσθαι
676 2531 735 2592 etc.
778 2526 976 2610 Quemquam
1006 2547 1048 2592 ne
1068 2524 1119 2589 bis
1140 2522 1271 2608 quidem
1291 2520 1401 2586 simili·

269 2629 397 2713 busque
418 2629 529 2694 formis
558 2630 636 2713 qnid
658 2631 780 2697 scribae
803 2630 843 2696 de
863 2652 921 2696 suo
941 2629 1051 2715 largiti
1071 2629 1137 2694 sint
1156 2627 1304 2694 omnibus
1324 2625 1402 2692 locis

269 2734 468 2827 adamussim
498 2733 624 2802 definiri
655 2735 739 2803 licet.
791 2735 904 2802 Obiter
938 2755 1052 2800 moneo
1077 2733 1112 2798 in
1141 2730 1405 2817 praecedentibus

268 2862 300 2923 p.
321 2846 413 2909 6510
435 2828 534 2925 ἧττον
556 2837 591 2905 αἱ
614 2841 966 2925 πλεῖσταιριγοῖισι
986 2841 1051 2901 τῶν
1073 2831 1204 2924 ἀνδρῶν
1224 2834 1404 2917 etpdbld

269 2942 373 3028 δηλοῖ
393 2944 470 3027 γοῦν
491 2940 548 3007 καὶ
570 2941 607 3007 τὸ
631 2943 775 3031 ῥιγοῦν
797 2943 850 3007 vix
867 2942 1000 3008 dubium
1020 2962 1089 3008 esse
1112 2960 1218 3024 posse,
1239 2939 1318 3023 quin
1339 2938 1402 3005 sin·

268 3048 376 3113 serior
404 3047 507 3113 forms
534 3046 690 3134 ριγιῦσι
718 3051 752 3115 et
773 3046 969 3137 ῥιγῶντα
989 3044 1098 3111 invitis
1126 3044 1218 3110 libris
1238 3042 1405 3111 inferenda

269 3148 323 3225 sit
337 3168 415 3215 cum
438 3147 699 3225 emendatiorem,
722 3170 804 3233 quse
826 3148 943 3215 Atticis
962 3149 1095 3233 propria
1114 3146 1272 3215 adseritur
1293 3147 1406 3230 (Cobet

269 3256 339 3323 VL.
361 3278 393 3340 p.
406 3256 468 3341 84),
490 3257 644 3322 inlaesam
665 3259 860 3325 servaverint
880 3258 1007 3325 librarii
1020 3260 1056 3323 in
1077 3258 1155 3324 Mor.
1179 3278 1210 3341 p.
1227 3261 1327 3334 ibba,
1347 3256 1404 3322 ubi

267 3363 373 3429 habes
396 3361 511 3451 ῥιγῴη,
544 3384 736 3448 quamquam
764 3386 804 3431 ne
825 3366 879 3431 bic
900 3364 1031 3449 quidem
1055 3366 1145 3430 locus
1164 3370 1256 3429 extra
1275 3362 1403 3429 dubita·

268 3468 394 3532 tionem
419 3466 541 3549 positus
566 3473 622 3533 est.
663 3468 726 3535 Sed
748 3471 854 3535 tenuis
875 3472 1003 3536 omnino
1024 3469 1103 3536 fides
1125 3474 1175 3535 est
1192 3467 1348 3534 librorum
1368 3467 1403 3533 in

269 3566 326 3631 his
346 3566 480 3649 aliisque
502 3566 611 3633 formis
631 3568 767 3647 vitiosis,
789 3592 871 3655 quse
892 3570 1026 3635 fortuite
1045 3569 1166 3653 aliquot
1188 3568 1404 3651 exemplorum

270 3672 482 3737 consensione
497 3672 656 3740 stabilitae
672 3679 834 3759 putentur,
856 3677 1072 3743 utsunissimo
1093 3675 1212 3743 iudicio
1225 3676 1404 3745 observarit

199 3816 204 3821 ·
268 3775 595 3845 praecinamus
617 3779 709 3845 Dion.
734 3779 840 3866 Chrys.
862 3802 892 3863 p.
914 3780 970 3845 XI.
1013 3780 1060 3845 Ac
1081 3780 1182 3847 multo
1205 3780 1347 3849 crebrius
1367 3780 1403 3845 in

267 3880 336 3944 hac
356 3899 394 3942 re
413 3877 497 3959 apud
518 3878 723 3945 Plutarchum
744 3886 909 3963 peecatum
929 3885 986 3958 est
1008 3901 1104 3963 quam
1123 3881 1194 3964 quis
1214 3881 1403 3963 inexpertus

267 3980 392 4045 credat.

360 4098 481 4165 Verum
510 4098 578 4164 leve
606 4096 666 4163 hoc
698 4099 826 4184 quidem
859 4106 908 4165 est
937 4121 1014 4183 pree
1041 4100 1234 4185 turpissimis
1262 4096 1401 4177 maculis,

264 4228 355 4292 quiae
383 4205 553 4289 inquinent
575 4204 679 4290 Symp.
699 4205 759 4285 VI,
785 4212 822 4272 10
844 4227 875 4288 p.
897 4207 990 4274 ssub
1021 4205 1061 4272 τὸ
1090 4200 1172 4271 αὐτὸ
1204 4221 1260 4287 isc
1282 4196 1402 4283 raderi)

267 4306 310 4371 δὲ
328 4300 451 4384 πάσχει
469 4304 538 4367 καὶ
554 4306 691 4387 ’,τυρῶν
705 4300 901 4381 ἐντεθεὶς
919 4296 1046 4391 (ίίρνις)
1063 4304 1180 4387 crepui
1199 4300 1267 4366 καὶ
1283 4295 1404 4385 νίτρηι

267 4407 559 4489 συνημμένος,
584 4425 686 4487 neque
702 4403 787 4470 enim
801 4403 908 4492 σιοηὰς
928 4408 1040 4491 πυρῶν
1060 4401 1137 4488 quid
1153 4402 1197 4468 sit
1211 4402 1404 4486 perspicitur

266 4510 305 4571 et
328 4502 534 4588 συνημμένος
555 4504 723 4569 manifesto
745 4502 931 4569 mendosum
950 4508 1007 4569 est.
1051 4500 1219 4568 Sublatam
1240 4504 1302 4570 erit
1323 4502 1399 4568 slte-

265 4631 346 4676 rum
366 4608 479 4673 vitium
508 4608 535 4673 si
557 4608 757 4692 rescripseris
787 4607 843 4673 καὶ
868 4609 981 4696 scopein
1011 4606 1158 4686 ἐντιθείς
1186 4612 1303 4696 cippi,
1333 4608 1353 4672 i
1376 4628 1402 4671 e.

267 4723 302 4782 ei
318 4719 482 4801 imponitur
495 4708 556 4781 ουίε
569 4721 602 4779 ιἰι
616 4718 711 4781 scrobe
724 4710 780 4801 ηαα
794 4716 900 4779 hordea
919 4715 1089 4794 οασαοέαν,
1111 4735 1206 4798 quem
1220 4712 1264 4779 ad
1275 4710 1404 4777 modum
