3700 5625
935 584 1147 659 ..'1g..

483 785 547 849 qua
568 785 639 829 cum
662 761 762 829 solido
783 759 909 844 corpori
929 759 1042 826 similis
1063 759 1106 824 sit
1131 756 1280 844 (ἐοικυῖα
1300 762 1426 848 στερεῷ
1448 755 1630 843 σώματι),

483 866 658 934 crocodilus
671 866 706 932 in
721 863 843 949 praeda
855 884 918 930 uno
933 864 1002 928 ictu
1015 861 1160 929 ferienda
1170 881 1230 945 pro
1242 861 1370 948 flagello
1388 862 1437 926 uti
1451 868 1629 930 narratur.

483 969 586 1054 Magis
605 959 703 1036 etiarn
723 965 848 1032 mireris
869 964 1027 1030 Achillem
1049 962 1242 1030 Schneidcro
1262 962 1343 1032 adeo
1364 963 1480 1030 harum
1503 985 1629 1030 rerum

481 1075 582 1140 visum
604 1093 670 1140 esse
692 1069 866 1154 inperitum
886 1067 937 1134 vel
955 1067 1039 1134 male
1060 1067 1251 1147 consultum,
1278 1072 1316 1132 ut
1336 1070 1462 1151 spinam
1487 1091 1531 1136 ex
1553 1089 1628 1134 uno

481 1180 588 1262 potius
616 1199 686 1244 osse
714 1197 809 1260 quam
841 1197 880 1240 ex
914 1178 1005 1240 arcta
1041 1175 1260 1241 vertebrarum
1290 1194 1432 1260 conpage
1462 1180 1626 1240 constare

482 1279 629 1360 opinatus
659 1274 765 1342 fuerit.
815 1272 975 1339 Nimirum
1001 1295 1072 1341 cum
1101 1274 1157 1359 qui
1181 1278 1285 1340 toturn
1313 1274 1400 1340 hunc
1427 1275 1538 1342 locum
1561 1299 1622 1343 ex-

482 1376 610 1458 scripsit
634 1373 820 1441 Eustatbius
840 1374 875 1439 in
898 1371 1071 1442 Commeat.
1093 1373 1137 1442 ad
1156 1373 1307 1441 Hexaem
1328 1396 1360 1458 p.
1383 1382 1437 1457 21,
1462 1377 1549 1446 haec
1570 1380 1626 1444 ita

480 1478 702 1544 coarctaverit:
732 1478 788 1563 τῆς
811 1473 937 1566 ῥάχεως
953 1472 1016 1565 γάρ
1035 1475 1124 1543 ἐστιν
1141 1470 1213 1555 ἑνὸς
1235 1471 1355 1544 ὀστέου
1374 1478 1529 1566 τελευτή,
1555 1482 1625 1546 hoc

481 1582 559 1650 satis
580 1603 693 1649 causae
714 1581 837 1648 suited
858 1580 1030 1668 creandam
1061 1581 1157 1647 istam
1178 1582 1444 1663 emendationem,
1473 1604 1541 1667 qua
1562 1588 1624 1651 vix

483 1686 654 1771 quicquam
678 1683 909 1768 inprobabilius
938 1685 1112 1770 excogitari
1138 1706 1231 1768 posse
1255 1686 1358 1754 credo.
1404 1688 1621 1756 Manifestum

487 1792 571 1858 enim
597 1797 740 1858 tenemus
762 1812 902 1859 errorem
923 1790 1142 1874 conpilatoris,
1165 1791 1220 1875 qui
1241 1813 1323 1875 quae
1344 1795 1408 1876 ipsi
1428 1794 1547 1862 utiosa
1567 1799 1618 1862 vi-

482 1890 647 1971 debantur,
668 1913 727 1974 pro
746 1897 843 1974 captu
865 1912 921 1956 suo
943 1893 1104 1978 conigere
1122 1893 1315 1978 temptabat,
1336 1896 1456 1979 quain
1477 1919 1513 1963 re
1540 1919 1618 1964 cum

479 2015 593 2082 parum
610 1997 810 2081 profecisset,
831 1999 977 2079 proxima
990 1998 1090 2065 verba
1113 2004 1169 2065 καὶ
1189 2002 1293 2088 μέρος
1309 1997 1413 2068 αὐτοῦ
1428 2002 1614 2086 triadica,

481 2109 592 2186 utpote
619 2121 713 2170 sensu
739 2121 840 2180 caesa,
871 2100 979 2166 omisit
1006 2105 1040 2166 et
1067 2101 1115 2165 ita
1141 2121 1181 2166 cx
1208 2101 1345 2169 sanabili
1366 2104 1497 2171 vulnere
1517 2105 1615 2172 ulcus

481 2206 558 2272 fecit
576 2207 670 2292 longe
691 2204 876 2290 malignius,
897 2201 996 2286 quod,
1017 2203 1045 2267 si
1060 2203 1246 2270 Eustathius
1260 2207 1372 2272 unicus
1385 2207 1481 2273 huius
1496 2229 1613 2276 narra-

481 2311 578 2378 tionis
609 2315 693 2378 esset
718 2309 800 2388 fons,
832 2307 939 2376 curari
967 2306 1062 2388 plane
1091 2327 1156 2372 non
1181 2315 1296 2390 posset.
1355 2309 1497 2378 Similem
1523 2316 1614 2380 viam

481 2417 643 2485 Iacobsius
671 2415 758 2492 iniit,
795 2415 905 2495 inepta
933 2417 1023 2478 ratus
1048 2418 1192 2480 extrema
1220 2415 1334 2497 verba3
1372 2417 1495 2484 nullum
1522 2421 1613 2485 enim

481 2543 549 2588 esee
573 2519 706 2598 animal,
734 2516 819 2603 quod
840 2516 942 2583 cauda
963 2519 1005 2582 sit
1025 2519 1219 2601 praeditum,
1248 2521 1338 2587 ouius
1357 2523 1458 2590 cauda
1478 2527 1612 2591 nonsit

484 2643 559 2705 pars
580 2623 645 2684 τῶν
667 2616 763 2697 ὅλων,
794 2617 879 2705 quod
906 2639 1002 2702 quam
1026 2618 1109 2685 belle
1130 2618 1260 2699 dixerit,
1290 2623 1450 2689 neminem
1467 2625 1519 2690 rel
1541 2626 1613 2692 sine

480 2723 734 2791 testimoniorum
761 2721 824 2788 fide
852 2723 945 2802 latet,
974 2746 1014 2790 ne
1041 2724 1238 2811 philologum
1266 2728 1395 2811 quidem
1423 2732 1612 2817 ceteroquin

481 2851 546 2896 non
568 2829 615 2894 ita
634 2827 772 2894 libenter
793 2826 995 2894 crediturum.
1039 2827 1101 2895 Sed
1121 2830 1157 2894 in
1178 2851 1216 2897 eo
1237 2831 1367 2915 quidem
1386 2833 1473 2916 quod
1493 2838 1608 2902 rescri-

479 2927 619 2996 bendum
639 2927 731 2994 duxit
753 2926 808 2994 acl
837 2928 940 3017 μέρος
970 2922 1104 2996 αὐτῶν
1134 2932 1212 2996 τῶν
1238 2926 1377 2999 νώτων
1400 2956 1503 3019 neque
1523 2936 1607 3003 Her-

375 3016 380 3027 ’
480 3036 576 3102 chero
598 3056 700 3118 neque
722 3035 806 3099 mihi
824 3037 989 3117 persuasit.
1032 3036 1113 3101 Mihi
1135 3038 1222 3103 enim
1246 3038 1300 3103 vix
1320 3038 1446 3106 videtur
1465 3041 1609 3110 Achilles

480 3146 552 3224 post
569 3160 607 3206 ea
628 3160 709 3223 quae
722 3140 954 3222 praecesserint
967 3139 1007 3204 de
1023 3140 1128 3221 spina,
1148 3142 1257 3207 statim
1271 3143 1408 3210 otiosum
1426 3148 1608 3231 genetivum

478 3248 542 3312 τῶν
567 3237 679 3310 νώτων
700 3242 867 3309 additurus
887 3242 997 3322 luisse,
1020 3264 1092 3308 cum
1112 3246 1189 3311 satis
1210 3253 1293 3313 esset
1308 3249 1405 3316 scribi
1424 3249 1482 3316 καὶ
1500 3251 1605 3340 μέρος

478 3347 577 3438 αὐτῆς
599 3352 654 3438 (se.
679 3353 738 3436 τῆς
761 3345 913 3439 ῥάχεως),
948 3351 986 3411 ut
1009 3352 1134 3414 taceam
1154 3371 1195 3416 ne
1215 3356 1302 3417 recte
1322 3353 1452 3436 quidem
1471 3355 1606 3423 caudam

479 3454 597 3520 dictam
616 3452 719 3519 videri
738 3450 824 3517 dorsi
844 3454 979 3532 partem
1021 3450 1104 3528 Quid
1124 3453 1218 3536 plura
1239 3454 1377 3522 addam?
1405 3457 1500 3525 Ultro
1519 3462 1601 3546 cogi-

476 3554 591 3621 tationi
605 3554 758 3632 occurrit,
775 3550 933 3618 Achillem
952 3550 1114 3634 scripsisse
1135 3548 1207 3619 ἀλλ’
1224 3550 1295 3620 iter
1317 3557 1376 3641 τῆς
1394 3553 1522 3645 ῥάχεως
1543 3554 1604 3638 εἰς

479 3654 634 3727 ὀστοῦν
667 3656 843 3745 τελευτὴ
878 3655 948 3721 καὶ
980 3656 1110 3746 μέρος
1141 3662 1220 3724 τῶν
1252 3662 1539 3746 onerosiora
1570 3672 1604 3732 et

483 3755 588 3829 αὐτοῦ
610 3765 683 3845 post
711 3761 813 3849 μέρος
840 3760 1046 3828 librariorum
1074 3760 1184 3827 deberi
1205 3760 1408 3850 lubidini**),
1439 3772 1478 3832 nt
1495 3789 1603 3836 sensns

547 3946 574 4012 ⁸)
593 3938 769 4001 Σπονδυλῶν
787 3947 880 4012 scripsi
904 3950 976 4013 qnod
998 3948 1066 4001 haec
1087 3948 1172 3999 iorma
1189 3946 1299 4000 Achillis
1316 3952 1393 4004 aelati
1410 3954 1604 4007 convenientior

477 4039 626 4101 videbatur;
648 4036 693 4089 cir.
706 4032 827 4087 bleinelre
840 4035 873 4086 ad
884 4034 959 4090 Sioh.
970 4036 1026 4089 lici.
1040 4034 1118 4106 pbye,
1130 4035 1148 4089 l.
1161 4052 1186 4102 p.
1203 4035 1261 4103 158,
1275 4039 1318 4105 27,
1330 4045 1359 4092 nt
1371 4042 1415 4106 qui
1427 4043 1497 4108 apud
1510 4042 1600 4096 Athen.

476 4141 501 4193 p.
521 4126 601 4177 roca.
624 4121 734 4174 eandem
756 4120 866 4172 formem
887 4120 1044 4185 praetulerit.

544 4207 588 4272 **)
608 4206 738 4261 Sexcania
767 4206 794 4257 id
820 4220 904 4271 genus
935 4206 1124 4270 additamenta,
1152 4209 1235 4274 niquis
1259 4209 1311 4262 hoc
1336 4212 1403 4276 agli,
1433 4212 1511 4263 eliam
1532 4215 1598 4279 opud

475 4296 607 4350 Achillem
628 4298 746 4351 invenire
765 4296 809 4359 (de
827 4294 968 4347 Plutarcho
987 4295 1040 4348 dixi
1059 4296 1163 4359 ouras
1183 4298 1250 4353 Plnt
1263 4299 1286 4351 ll
1298 4316 1324 4366 p.
1336 4302 1370 4353 lt
1382 4314 1422 4367 sq.
1441 4306 1467 4352 et
1485 4299 1595 4354 Sintenis

476 4380 510 4433 de
524 4378 597 4432 hiatu
614 4396 640 4447 p.
657 4381 718 4443 3521
734 4379 807 4433 nullo
827 4380 934 4445 negotio
953 4380 1055 4445 poterit.
1091 4380 1143 4446 lta,
1161 4389 1191 4434 ut
1207 4384 1235 4435 in
1253 4400 1284 4435 ee
1302 4399 1432 4437 menuae
1449 4392 1521 4453 parte
1537 4403 1597 4440 con·

474 4466 585 4529 tineam,
600 4479 668 4531 quae
683 4467 716 4518 ad
729 4466 885 4533 pronomina
897 4478 1033 4531 perperam
1047 4466 1148 4518 adiecta
1159 4469 1284 4535 pertinet,
1300 4470 1598 4525 recheeimeHercbeme

475 4551 496 4617 l,
516 4552 548 4603 16
567 4552 593 4603 in
611 4551 700 4604 verbis
718 4555 765 4604 καὶ
783 4552 917 4605 ἐπιστᾶσα
939 4553 977 4618 τῷ
994 4554 1050 4619 rapi
1067 4533 1123 4606 κατ’
1144 4549 1239 4621 αὐτήν,
1258 4556 1312 4609 duo
1330 4562 1463 4623 postrema
1483 4559 1516 4610 ad
1534 4574 1596 4612 mer-

475 4640 563 4706 ginem
579 4636 716 4703 metavit,
734 4639 797 4690 item
816 4655 867 4691 suo
885 4639 942 4691 iure
957 4638 1101 4694 exturbavit
1118 4655 1263 4707 pronomen
1281 4658 1307 4709 p.
1320 4644 1434 4709 134,1θ;
1453 4661 1479 4713 p.
1495 4646 1551 4713 141,
1568 4649 1595 4713 33

475 4744 501 4797 p.
522 4728 582 4795 loo,
600 4729 630 4793 ὃς
649 4738 676 4793 ι).
696 4729 755 4795 lii,
776 4730 817 4782 12.
