3700 5625
404 801 408 816 ,
477 737 690 823 damsublegi.
700 759 765 804 non
774 736 883 804 delore
893 738 1005 819 sciens,
1014 739 1318 824 quihasbarbariae
1329 739 1510 826 ingruentis
1518 739 1601 826 quis·

477 844 600 928 quilias
615 849 725 926 utpote
741 843 858 909 nullius
876 864 1007 927 prorsus
1025 845 1119 912 hodie
1141 846 1262 929 publici
1279 847 1409 929 eupolis,
1430 847 1498 922 risu
1510 846 1603 912 cavil-

477 948 590 1014 lentur.
605 985 648 996 -—
669 948 708 1012 ln
724 943 893 1030 propatulo
915 954 965 1017 est
985 954 1092 1016 autem
1112 955 1331 1033 portentosum
1349 950 1432 1016 illud
1448 943 1522 1031 οὐχί
1542 970 1606 1015 non

477 1057 636 1140 peperisse
655 1055 752 1141 quam
769 1057 886 1124 totiens
905 1079 1108 1125 exsecramur
1134 1061 1269 1126 alicuius
1289 1061 1413 1128 scribae
1433 1059 1600 1146 neglegen-

477 1155 569 1234 tiam,
599 1156 655 1222 sed
683 1176 765 1239 quae
794 1155 829 1220 in
850 1156 1023 1241 archetypo
1049 1157 1134 1244 quod
1155 1159 1266 1224 dicunt
1296 1159 1440 1226 obscuris
1461 1157 1609 1225 ductibus

477 1261 608 1324 exarata
627 1255 756 1322 celsitu
772 1275 900 1338 prorsus
920 1257 1105 1326 oblitterata
1119 1264 1230 1337 essent
1253 1259 1445 1326 emendandi
1465 1259 1516 1326 vel
1533 1279 1605 1342 sup-

478 1361 586 1446 plendi
601 1361 786 1430 lubidinem.
816 1362 902 1441 Quae
917 1363 1096 1430 observatio
1111 1372 1143 1430 et
1154 1365 1235 1432 alias
1251 1367 1399 1450 perutilis
1413 1388 1482 1434 esse
1502 1370 1609 1449 potest

479 1464 521 1532 ad
535 1466 679 1532 criticam
696 1466 781 1550 apud
794 1466 1000 1534 Plutarchum
1019 1467 1238 1537 iactitandam.
1276 1470 1346 1537 Hoc
1367 1493 1466 1537 unum
1484 1469 1608 1549 addam.

479 1570 513 1634 in
539 1570 707 1652 postremis
741 1571 845 1637 verbis
877 1567 936 1636 ἐπὶ
973 1568 1152 1650 συνουσίας
1181 1570 1289 1662 πρὸς
1318 1578 1475 1658 γυναῖκας
1506 1574 1609 1659 magis

479 1675 611 1742 fortasse
640 1697 680 1741 ex
704 1675 840 1744 aliorum
868 1675 1059 1758 scriptorum
1087 1698 1147 1742 usu
1177 1677 1320 1760 (Heliod.
1349 1678 1381 1756 1,
1413 1685 1452 1744 15
1477 1678 1606 1744 Luciam

480 1781 555 1850 dial.
581 1786 707 1849 meretr.
737 1788 826 1860 to,1
862 1781 961 1866 Leng.
983 1786 1017 1859 3,
1045 1786 1086 1849 25
1116 1803 1197 1866 quae
1227 1782 1385 1868 congessit
1410 1781 1505 1849 docta
1532 1782 1603 1848 dili·

479 1889 589 1974 gentie
608 1887 763 1954 Hercheri
794 1885 835 1952 ad
858 1885 967 1969 Steph.
989 1887 1080 1953 lhos.
1109 1909 1132 1954 s.
1155 1910 1183 1953 v.
1203 1889 1351 1975 φοιτᾶν)
1381 1888 1480 1955 scribi
1507 1888 1609 1956 rideri

481 1989 595 2079 παρᾶ
613 1994 785 2076 γυναῖκας,
817 2012 889 2058 cum
909 1991 1099 2074 praesertim
1119 1991 1307 2058 Plutarchus
1335 1981 1461 2058 in'loco
1481 1991 1608 2078 gemino

481 2097 585 2184 Symp.
606 2096 687 2175 VII,
710 2100 744 2174 8,
764 2099 784 2163 3
807 2101 908 2162 7120
943 2091 1007 2174 ἔχει
1037 2092 1153 2162 δὲκαὶ
1180 2093 1223 2161 τᾶ
1245 2091 1388 2182 ἐρωτικὰ
1413 2091 1494 2185 παρ’
1518 2089 1609 2182 αὐτῷ

482 2197 708 2288 (Μενάνδρῳ)
731 2196 848 2287 καιρὸν
871 2193 1066 2265 πεπωκόσιν
1088 2193 1301 2287 ἀνθρώποις,
1326 2196 1383 2263 καὶ
1405 2194 1603 2265 ἀναπαυσο-

482 2300 596 2385 μένοις
614 2297 698 2385 μετᾶ
717 2297 836 2384 μικρὸν
858 2291 1000 2364 ἀπιοῦσι
1022 2295 1139 2385 παρὰ
1160 2295 1221 2376 τὰς
1242 2293 1369 2366 ἑαυτῶν
1390 2305 1547 2386 γυναῖκας
1569 2300 1609 2368 de
1698 2296 1699 2299 ¹

480 2401 591 2472 eadem
618 2400 845 2468 consuetudine
878 2421 1015 2465 venerea
1041 2398 1229 2482 praetulerit
1256 2399 1390 2488 παρά,
1420 2406 1457 2466 ut
1485 2403 1520 2468 in
1540 2403 1609 2470 vita

480 2507 568 2574 Ales
587 2512 606 2572 2
626 2507 748 2593 φοιτᾶν
772 2499 851 2594 παρ’
872 2498 972 2591 αὐτὴν
992 2497 1280 2588 ἀναπαυσόμενος.
1320 2505 1479 2574 Videntur
1498 2514 1607 2578 tamen

481 2613 638 2680 citerioris
660 2612 729 2678 aevi
744 2611 913 2693 scriptores
926 2611 961 2676 in
975 2611 1036 2678 hoc
1047 2611 1293 2695 praepositionis
1315 2613 1410 2700 παρά
1424 2636 1483 2682 usu
1505 2616 1605 2701 (rere-

481 2717 704 2785 eundioremne
717 2721 866 2800 putamus
881 2736 950 2782 esse
955 2719 993 2800 1),
1014 2736 1109 2800 qnam
1123 2715 1287 2800 antiquior
1307 2721 1396 2784 aetas
1409 2718 1609 2788 ambitiosius

480 2825 614 2893 fortasse
640 2824 773 2891 curabat
797 2822 868 2905 (eir.
890 2820 1024 2890 Siebelis
1052 2820 1400 2901 adPaus.II‚10‚4
1431 2823 1537 2896 Baehr
1566 2825 1608 2893 ad

480 2928 596 2998 Herod.
619 2928 667 3007 ΙΙ,
692 2934 761 2995 111.
788 2934 845 2995 115
879 2926 911 2991 T.
935 2926 960 2992 Ι.
982 2926 1205 3004 honorisne,
1229 2926 1349 2993 iniuria
1368 2927 1503 2995 fortasse
1523 2928 1609 2997 hanc

481 3030 578 3097 etiem
605 3028 816 3096 constantiam
843 3026 1017 3093 obtrudens
1038 3026 1167 3111 Lysiae,
1196 3026 1311 3093 Adnot.
1341 3029 1411 3094 crit
1438 3030 1473 3094 in
1493 3030 1609 3115 Lysias

480 3139 558 3201 orat
591 3133 742 3200 Mnemos.
767 3135 848 3199 1862
869 3151 899 3214 p.
923 3129 1005 3216 207)
1023 3150 1088 3195 non
1108 3128 1189 3195 adeo
1210 3130 1272 3197 sibi
1293 3131 1486 3211 constitisse,
1504 3138 1543 3198 ut
1560 3134 1604 3201 al·

479 3245 584 3307 terum
609 3257 738 3321 prorsus
767 3256 831 3303 non
858 3233 1022 3301 admisisse
1052 3234 1201 3299 censendi
1228 3234 1307 3313 sint,
1343 3235 1499 3321 siquidem
1522 3236 1605 3323 Plut

478 3344 557 3411 Mor.
579 3363 609 3426 p.
633 3347 702 3409 oea
722 3340 783 3407 sibi
803 3340 871 3407 sine
894 3338 1105 3405 haesitatione
1125 3339 1317 3405 concesserit
1337 3336 1450 3427 κρύφα
1474 3345 1604 3428 φοιτῶν

481 3444 567 3530 πρὸς
597 3438 699 3530 αὐτήν
726 3448 760 3511 et
781 3442 858 3509 Fab.
880 3442 964 3507 Max.
985 3445 1027 3507 20
1054 3439 1187 3526 μακρᾶς
1214 3435 1314 3521 ὁδοὺς
1342 3439 1500 3512 ἑκάστοτε
1522 3468 1605 3534 φοι.
1699 3470 1702 3535 ι

479 3552 588 3615 τᾶνιοι
612 3549 698 3637 πρὸς
720 3545 846 3635 ἐκείνην
868 3543 939 3614 aab
960 3548 1022 3612 τοῦ
1042 3546 1275 3635 στρατοπέδου
1301 3553 1335 3615 et
1360 3549 1475 3616 Anton
1496 3556 1538 3620 25
1568 3553 1608 3621 de

483 3656 652 3741 Cleopatra
673 3657 715 3723 ed
728 3656 901 3724 Antonium
923 3655 1072 3723 amatorii
1093 3656 1274 3723 commercii
1295 3678 1391 3723 eausa
1410 3664 1608 3727 commeante

481 3758 566 3849 πρὸς
587 3762 706 3825 τοῦτον
728 3754 844 3843 ἔμελλε
868 3755 1051 3846 φοιτήσειν,
1073 3758 1209 3844 Gorgias
1229 3754 1509 3849 ὁπορνομρᾶφος,
1522 3761 1609 3846 apud
1700 3808 1702 3819 ·

479 3864 592 3931 Athen.
609 3862 691 3929 XIII
706 3884 735 3946 p.
750 3863 836 3931 5eof
851 3864 930 3930 item
950 3863 992 3929 de
1003 3863 1206 3929 meretricula
1230 3859 1289 3930 δύο
1308 3864 1463 3951 δραχμῶν
1483 3866 1608 3951 φοιτᾶν

479 3965 565 4057 πρὸς
586 3966 644 4034 τὸν
656 3963 870 4052 βουλόμενον,
890 3967 1005 4033 Antan
1022 3967 1159 4034 liberal
1176 3973 1217 4036 34
1248 3964 1383 4057 Σμύρνα
1405 3962 1452 4047 ὥς
1478 3966 1607 4049 ἐξίκετο

479 4069 564 4162 πρὸς
597 4066 715 4151 αὐτόν,
755 4060 947 4156 quamquam
977 4092 1002 4137 c.
1030 4077 1049 4139 5
1078 4076 1322 4155 praeoptaverat
1357 4075 1480 4159 φοιτᾶν
1510 4071 1606 4161 παρὰ

485 4173 675 4264 Τιμάνδρην
689 4182 722 4243 et
737 4197 762 4242 c.
772 4182 810 4244 41
827 4170 966 4241 εἰσιέναι
983 4173 1077 4263 παρὰ
1090 4174 1148 4263 τὴν
1163 4173 1359 4264 Πασιφάην.
1395 4175 1516 4243 Fodem
1533 4198 1606 4260 per·

477 4280 560 4345 tinet
580 4279 668 4347 loeus
689 4279 774 4364 apud
796 4279 935 4363 Alciphr.
958 4280 983 4359 L
1005 4284 1061 4359 37,
1081 4283 1100 4346 3
1123 4272 1184 4345 νᾶν
1204 4275 1291 4367 ἔλθῃ
1315 4276 1400 4367 πρὸς
1420 4274 1508 4367 ἡμᾶς
1530 4305 1603 4349 κοι-

476 4377 723 4469 petrobolos.
757 4384 809 4449 lte
829 4384 928 4450 etiem
939 4383 1088 4450 Parthen.
1107 4389 1185 4463 17,3
1203 4384 1370 4467 usurparit
1392 4380 1607 4475 οἶσέρχεσθαι

480 4483 575 4573 παρὰ
596 4482 655 4550 τᾶν
684 4487 808 4566 παῖδα,
840 4508 1032 4574 quamquam
1053 4487 1140 4555 idem
1168 4488 1203 4553 in
1232 4487 1344 4554 eadem
1370 4488 1487 4555 vicinia
1509 4490 1606 4556 simili

477 4587 707 4675 significatione
721 4592 873 4673 praetulit
889 4593 1012 4680 φοιτᾶν
1027 4589 1114 4681 πρὸς
1127 4589 1185 4657 τὸν
1203 4591 1328 4671 παῖδα,
1346 4612 1449 4676 neque
1464 4593 1492 4659 si
1508 4615 1604 4677 quae-

476 4692 521 4759 ris
542 4714 598 4759 eur
618 4694 666 4761 ita
679 4693 802 4774 feeerit,
824 4695 912 4761 aliud
931 4694 1124 4779 respondere
1145 4695 1228 4776 licet
1247 4695 1310 4763 nisi
1328 4696 1414 4781 quod
1427 4696 1605 4787 elegantiae
