3700 5625
891 612 1123 676 -102-

521 771 784 841 Emendationem
803 770 892 840 locus
912 773 1016 856 poscit
1045 771 1293 857 haudquaquam
1322 773 1504 850 difficilem,
1526 771 1573 838 ab

435 875 514 959 ipsis
527 874 689 940 codicibus
704 879 990 957 praemonstratam
1005 873 1060 941 lib.
1068 874 1107 953 V,
1124 881 1186 956 ap.
1199 875 1292 942 ereb
1312 875 1368 941 καὶ
1383 876 1482 940 τοῦτο
1498 873 1573 955 μὲν,

439 978 532 1069 ἔφην,
556 979 594 1045 τὸ
618 973 818 1064 ἀνάγνωσμα
840 979 1029 1065 (Acesandn'
1050 998 1130 1063 opus
1153 978 1232 1066 περί
1253 975 1406 1066 Λιβύης)
1422 980 1487 1042 τιῖν
1512 969 1575 1042 οὐκ

443 1084 477 1151 ἐν
499 1084 591 1170 μέσην
613 1079 686 1150 ἐστί
707 1082 775 1167 (cfr.
791 1101 821 1166 p.
837 1087 900 1168 84),
923 1086 995 1160 τοῖς
1017 1081 1054 1150 δὲ
1076 1083 1282 1166 Πολέμωνος
1305 1085 1366 1148 τοῦ
1383 1076 1576 1168 Ἀθηναίου

317 1248 321 1254 .
441 1183 520 1275 περί
547 1188 612 1252 τοῖν
641 1186 676 1252 ἐν
702 1185 853 1274 Δελφοῖς
881 1188 1064 1275 θησαυρῶν
1095 1178 1192 1270 οἶμαι
1219 1181 1272 1252 ὅτι
1303 1186 1444 1263 πολλοῖς
1475 1179 1570 1267 ὑμῶν

440 1290 643 1379 ἐντυγχάνειν
673 1292 831 1376 ἐπιμελές
865 1290 952 1372 ἐστι,
987 1291 1045 1358 καὶ
1079 1291 1140 1381 χρὴ
1180 1293 1402 1375 πολυμαθοῦς
1434 1288 1495 1357 καί
1526 1286 1570 1357 οὐ

442 1392 658 1476 νυστάζοντος
691 1395 727 1462 ἐν
758 1400 830 1472 τοῖς
866 1389 1069 1484 Ἑλληνικοῖς
1102 1393 1294 1484 πράγμασιν
1328 1390 1464 1484 ἄνδράς·
1500 1394 1576 1462 ἐκεῖ

442 1497 552 1566 τοίνυν
572 1493 728 1587 οὑρὴσοτο
747 1500 988 1588 γεγραμμένον,
1015 1493 1061 1578 ὠς
1083 1498 1117 1566 ἐν
1140 1503 1188 1587 aqi
1207 1500 1378 1587 Σικυωνίῳ
1404 1499 1575 1588 θησαυρῷ
1685 1491 1686 1536 3

441 1607 583 1694 χρυσοῦν
604 1599 753 1671 ἀνέκειτο
776 1599 909 1686 βιβλίον
924 1597 1167 1690 Ἀριστομάχης
1184 1597 1346 1690 ἀνάθημα
1367 1603 1440 1689 τῆς
1460 1595 1573 1688 Ἐρυ-

444 1703 602 1794 θραίας
623 1703 759 1770 ε’πικιυ
780 1754 787 1770 .
811 1753 818 1769 .
843 1701 1135 1790 ποιηματίαις
1158 1707 1244 1790 (sici)
1268 1697 1409 1788 ’Ἰσθμια
1435 1725 1568 1788 νενικη-

444 1807 548 1886 κυίας.
578 1809 700 1874 Horum
719 1815 912 1891 postremam
928 1814 1053 1891 partem
1068 1831 1132 1874 non
1149 1815 1237 1876 recte
1253 1827 1273 1876 a
1287 1809 1417 1892 nuperis
1436 1807 1570 1874 editori-

445 1914 536 1999 δοιά)
558 1918 730 1980 tractatam
748 1933 832 1991 ease,
853 1915 989 1997 quilibet
1010 1915 1122 1997 opinor
1143 1914 1377 1983 animadvertit.
1419 1913 1576 1998 Neglecta
1686 1951 1687 1976 ν

443 2017 529 2082 enim
549 2015 694 2082 codicum
713 2017 869 2083 memoria
895 2017 931 2082 in
957 2017 1017 2083 hoo
1045 2023 1172 2084 tantum
1199 2018 1462 2103 discrepantium,
1485 2017 1573 2102 quod

444 2123 480 2186 in
501 2121 603 2187 Vatic.
637 2126 671 2188 et
698 2121 795 2186 Paria.
825 2127 874 2188 est
907 2120 1128 2207 ποιημάταις,
1161 2125 1317 2191 incertum
1354 2147 1427 2191 cum
1456 2125 1572 2190 lacuna

445 2245 487 2289 an
511 2223 605 2306 plene
633 2224 799 2307 scriptum,
828 2223 863 2288 in
891 2223 990 2288 Palat.
1026 2222 1132 2310 ἐπικῷ
1162 2220 1387 2310 ποιημάταις,
1419 2226 1499 2290 haec
1528 2224 1576 2289 ita

445 2329 671 2412 suppleverunt
691 2322 853 2412 άνάθημα
874 2327 934 2413 τῆς
954 2319 1158 2416 Ἐρυθραίας
1181 2324 1416 2416 ποιητρίας
1430 2319 1573 2406 ’Ἰσθμια

448 2431 662 2517 νενικηκυίας,
686 2432 723 2498 in
742 2432 860 2516 quibus
879 2431 966 2516 quod
987 2431 1190 2499 adsciverunt
1209 2427 1388 2518 ποιητρίας
1408 2432 1463 2497 rix
1482 2431 1574 2498 dubi·
1687 2519 1688 2522 Ἴ

446 2534 579 2600 tandum
599 2540 655 2613 est,
677 2535 755 2618 quin
774 2557 814 2600 ex
835 2535 1029 2600 correctione
1051 2535 1237 2618 interpretis
1258 2535 1364 2602 nescio
1386 2535 1477 2600 cuius
1497 2555 1569 2617 pro·

450 2640 567 2705 fectum
595 2640 639 2704 sit
659 2659 774 2721 parum
794 2638 888 2704 felici.
933 2637 1046 2705 Cetera
1078 2639 1232 2706 editiones
1260 2660 1324 2704 non
1349 2638 1487 2716 habent,
1515 2659 1574 2704 nec

451 2745 577 2810 invenio
612 2745 668 2830 qui
707 2745 786 2810 haec
817 2744 914 2810 aliter
948 2765 987 2810 ex
1020 2743 1166 2810 codicum
1203 2743 1345 2830 vestigiis
1380 2744 1575 2810 constituere

450 2849 592 2916 voluerit.
634 2847 770 2915 Videtur
798 2852 904 2915 autern
932 2848 967 2913 ni
990 2847 1083 2913 fallor
1113 2848 1160 2913 ita
1186 2848 1292 2930 potius
1321 2847 1409 2913 locus
1432 2846 1572 2913 redinte-

449 2948 589 3034 grandus
616 2971 685 3015 esse
705 2943 948 3038 Ἀριστομάχης
973 2943 1135 3035 οῖνάθημα
1158 2950 1217 3035 τῆς
1249 2942 1455 3036 Ἐρυθραίας
1480 2947 1574 3015 dar·
1688 2996 1689 3001 η

450 3055 540 3127 κοῖς
561 3046 846 3135 ποιηματίοις
866 3042 1006 3136 ’Ἰσθμια
1026 3047 1239 3138 νενικηκυίας.
1277 3050 1397 3129 Quodsi
1414 3051 1497 3119 forte
1513 3053 1578 3120 sint

449 3155 505 3241 qui
526 3153 720 3241 ποιητρίας,
753 3155 839 3238 quod
860 3161 1001 3223 vetustae
1029 3156 1185 3223 editiones
1205 3156 1372 3238 praebent,
1404 3178 1445 3224 ex
1466 3158 1574 3224 codiee

449 3281 534 3325 nunc
559 3258 725 3343 deperdito
757 3266 937 3343 susceptum
969 3261 1152 3344 opinentur,
1190 3282 1248 3343 per
1275 3282 1326 3327 me
1355 3261 1437 3327 nihil
1468 3263 1575 3331 obstat

448 3366 615 3451 quominus
634 3364 774 3431 addatur
790 3360 1090 3453 ροολἘρυθραίαςς
1111 3386 1303 3451 quamquam
1322 3370 1360 3430 ut
1380 3367 1574 3446 secludatur,

451 3494 517 3540 nen
537 3470 770 3551 reformidabit,
792 3472 847 3556 qui
866 3472 901 3537 in
920 3472 981 3537 hcc
998 3493 1113 3557 genere
1133 3470 1437 3549 additamentomm,
1460 3473 1578 3556 quibus

451 3574 649 3639 intellectum
669 3572 900 3656 expeditiorem
919 3574 1024 3641 iacere
1047 3573 1243 3639 conabantur
1263 3572 1391 3655 pristini
1412 3573 1576 3643 Plutarchi

450 3680 655 3759 interpretes,
684 3678 836 3745 temerius
864 3683 901 3744 ut
929 3678 982 3743 vix
1010 3677 1150 3760 potuerit
1170 3676 1286 3761 magis,
1315 3681 1481 3758 peceatum
1509 3698 1577 3743 esse

449 3778 641 3846 recordetur.
692 3780 972 3849 verumenimvero
1005 3782 1082 3849 licet
1117 3779 1157 3846 de
1189 3779 1412 3847 Aristomache
1450 3782 1576 3864 poetria

450 3880 533 3948 nihil
559 3899 689 3964 prorsus
717 3882 845 3949 aliunde
876 3883 1064 3961 innotuerit,
1100 3902 1158 3949 nec
1186 3880 1270 3947 alius
1298 3881 1434 3965 scriptor
1463 3882 1579 3949 musici

395 4061 398 4066 ,
450 3984 632 4055 certaminis
661 4005 733 4049 cum
760 3986 903 4054 Isthmiis
932 3987 1095 4055 coniuncti
1124 3991 1273 4069 suppetat
1299 3987 1503 4066 memoriam,
1541 3994 1579 4055 ut

451 4089 590 4155 breviter
626 4084 781 4151 indicavit
810 4085 968 4153 Prellerus
1001 4088 1022 4153 l.
1056 4088 1094 4166 l,
1127 4086 1308 4172 refragante
1340 4086 1578 4169 aliquantulum

452 4194 651 4261 0.Mue11ero
665 4191 916 4259 inDoriensibus
932 4193 1094 4276 linere,
1119 4200 1144 4271 1,
1165 4198 1280 4273 tamen,
1300 4213 1374 4259 cum
1386 4196 1478 4257 tenta
1490 4193 1577 4259 codi-

451 4322 523 4367 cum
534 4300 598 4367 iide
608 4301 732 4367 munita
741 4300 785 4367 sit
796 4298 890 4365 huius
903 4300 952 4365 rei
967 4298 1088 4377 notitia,
1106 4319 1209 4382 neque
1221 4320 1243 4365 a
1257 4300 1324 4367 veri
1339 4298 1443 4382 specie
1460 4298 1576 4365 abhor-

449 4406 527 4481 reet,
549 4402 636 4469 haud
650 4404 758 4488 inepte
773 4401 946 4470 conieceris
964 4420 1047 4487 quae
1065 4399 1211 4467 seruntur
1227 4401 1318 4485 opica
1336 4400 1578 4469 Aristomaches

519 4606 545 4672 *ι
571 4609 672 4672 Quibus
694 4607 906 4663 adnumerandus
925 4611 1004 4662 eriam
1021 4612 1061 4658 est
1077 4607 1110 4660 n.
1128 4606 1256 4658 aarum
1275 4608 1302 4659 in
1326 4606 1467 4657 Polemonia
1490 4608 1577 4658 Paa-

362 4732 366 4737 ·
449 4711 522 4763 σασα
539 4697 696 4764 braym
718 4704 746 4748 at
770 4702 815 4763 qut
846 4714 877 4751 en
901 4698 1002 4766 repetiit
1028 4695 1055 4748 0.
1074 4696 1214 4748 riuum
1237 4698 1264 4749 in
1280 4696 1382 4763 Reque
1406 4696 1463 4751 liet.
1491 4710 1576 4763 graec

449 4786 523 4841 rom.
541 4788 573 4838 nr
592 4800 618 4853 p.
639 4784 696 4836 ne.
