3700 5625
698 661 912 724 -75-

241 818 353 890 αἴτιον
375 825 412 891 δέ
431 819 493 890 ὅτι.
536 825 687 892 Eiusdem
707 825 829 892 farinae
850 831 899 892 est
921 821 991 892 οὐδ’
1014 821 1059 904 ὥς
1080 825 1184 911 Symp.
1203 825 1265 903 III,
1288 831 1362 904 2,1

241 950 271 1010 p.
296 933 392 997 trae
413 930 448 994 in
468 929 520 995 his
547 927 605 1011 οὐχ
626 923 673 1008 ὥς
692 929 823 1016 βοηθὸν
846 928 902 995 ἐπὶ
932 929 989 1017 τὴν
1009 930 1118 1016 μέθην
1140 923 1209 995 nrid’
1232 923 1277 1006 ὡς
1299 951 1364 994 πο-

241 1035 359 1116 λέμιον
381 1042 414 1106 et
436 1032 506 1104 οὐδ’
529 1034 643 1126 ὥσπερ
665 1039 727 1118 VI,
750 1044 784 1118 7,
808 1045 827 1106 2
849 1059 878 1122 p.
899 1043 997 1106 oasa
1017 1039 1051 1103 in
1070 1039 1120 1103 his
1151 1031 1220 1103 οὐδ’
1250 1032 1365 1126 ὥσπερ
1461 1023 1464 1034 ’

240 1135 381 1228 σιδήρου
411 1138 571 1224 στόμωμα
601 1147 635 1209 et
664 1137 734 1208 οὐδ’
757 1135 973 1208 ὑποκονίεται
1001 1141 1035 1205 in
1058 1142 1089 1220 I,
1115 1148 1188 1218 1,’4
1208 1161 1237 1222 p.
1266 1143 1366 1219 6140,

240 1240 296 1306 ubi
319 1242 345 1306 si
368 1243 588 1325 conparaueris
607 1245 716 1326 priora
737 1247 770 1310 et
791 1245 870 1310 haec
892 1244 940 1322 II,
962 1248 981 1310 9
1000 1263 1031 1326 p.
1061 1247 1148 1310 erae
1177 1241 1218 1306 roi
1240 1242 1275 1307 δέ
1299 1235 1366 1306 ὑπὸ

239 1342 382 1435 θηρίων,
405 1348 475 1427 1‚a
504 1369 535 1431 p.
558 1349 650 1416 trad
672 1342 690 1413 ὁ
712 1350 748 1415 δέ
767 1343 853 1435 dudo
876 1342 976 1414 αὐτόν
998 1347 1077 1414 conl.
1099 1347 1149 1426 ΙΙ,
1172 1353 1190 1412 2
1211 1367 1240 1430 p.
1264 1351 1324 1413 635
1340 1368 1364 1424 o,

240 1443 290 1513 ἐτι
313 1449 350 1515 δέ
372 1447 486 1540 ὥσπερ
509 1451 558 1531 ΙΙ,
580 1457 607 1530 3,
630 1458 649 1519 2
672 1474 703 1536 p.
726 1453 871 1539 636b*),
899 1451 937 1516 cd
962 1451 999 1517 δέ
1020 1445 1067 1529 ὦς
1097 1448 1156 1516 οὐκ
1186 1444 1365 1536 ἀναγκαῖον

238 1551 279 1630 ΙΙ,
303 1559 329 1629 1,
352 1560 372 1620 4
388 1575 417 1635 p.
435 1554 525 1622 card
547 1561 580 1621 et
593 1555 710 1620 similia
723 1556 864 1621 consulto
878 1577 899 1621 a
912 1577 963 1621 me
980 1555 1102 1633 omissa,
1116 1554 1201 1620 haud
1216 1557 1364 1619 cunctan-

238 1664 289 1726 ter
311 1662 451 1727 vocalem
472 1661 674 1728 librariorum
699 1663 792 1745 culpa
821 1663 962 1744 elapsam
990 1683 1007 1727 e
1031 1661 1127 1745 longa
1148 1660 1223 1745 fuga
1243 1681 1366 1725 mecum

239 1762 411 1828 revocabis.
451 1761 561 1847 Neque
594 1764 745 1830 credibile
771 1767 819 1829 est
843 1761 1005 1827 Plutarchi
1027 1781 1094 1828 esse
1121 1761 1155 1825 ni
1175 1760 1268 1826 fallor
1293 1760 1365 1825 soli-

239 1863 359 1928 tarium
378 1865 413 1928 in
435 1862 539 1950 Symp.
561 1866 585 1944 Ι,
607 1870 635 1944 6,
661 1873 675 1932 1
698 1887 729 1950 p.
746 1871 833 1933 otae
855 1860 926 1931 ἐστι
947 1859 976 1929 d'
1001 1859 1065 1940 ὅτε,
1088 1884 1160 1928 curn
1179 1862 1366 1945 praesertim

239 1987 316 2031 mox
335 1967 401 2044 ΙΙΙ,
426 1974 480 2046 10,
511 1973 530 2036 3
560 1989 590 2052 p.
612 1973 706 2036 6580
735 1969 910 2052 scripturus
939 1973 1021 2034 esset
1050 1967 1118 2032 νυνὶ
1147 1967 1183 2033 δὲ
1214 1963 1278 2031 ὅτε.
1322 1967 1368 2033 Ut

238 2068 340 2152 igitur
367 2070 418 2134 his
440 2072 586 2137 omnibus
605 2073 640 2136 in
660 2079 830 2155 conspectu
858 2074 971 2156 positis
999 2073 1176 2158 graviorem
1197 2071 1366 2137 Plutarcho

239 2174 368 2240 vindico
388 2175 490 2261 legem
511 2177 602 2255 hanc,
623 2178 715 2242 utin
736 2178 862 2261 scriptis
886 2177 1075 2243 severiorem
1096 2176 1236 2259 expertis
1257 2176 1366 2240 limam

239 2275 403 2341 rarissime
424 2275 475 2342 vel
495 2297 657 2360 nunquam
679 2278 799 2360 epsilon
827 2284 902 2344 aute
923 2278 1063 2344 vocalem
1083 2299 1164 2362 quae
1186 2277 1367 2360 adspiratur

239 2379 281 2444 ab
313 2400 350 2444 eo
379 2380 492 2446 elisum
513 2403 580 2448 esse
610 2382 750 2461 credam,
786 2383 871 2448 uude
905 2382 1064 2465 probabili
1093 2381 1365 2466 argumentatione

239 2483 473 2564 concludimus,
499 2485 625 2569 quando
654 2492 726 2568 post
739 2481 777 2552 ἶ
791 2487 944 2554 habemus
964 2485 1082 2553 vocalis
1110 2486 1367 2569 adspirationem,

237 2582 418 2667 legitimam
449 2584 533 2649 hanc
559 2605 626 2651 esse
657 2585 764 2652 hiatus
794 2587 1042 2665 excusationem,
1069 2587 1116 2652 ita
1136 2587 1299 2671 aliquanto
1318 2586 1365 2651 in·

237 2687 366 2764 certius,
387 2707 427 2752 ne
449 2687 554 2753 dicam
572 2688 755 2774 ambiguum
775 2710 904 2773 prorsus
927 2690 989 2755 erit
1009 2689 1162 2756 iudicium
1179 2690 1218 2756 de
1232 2689 1367 2756 aliarum

237 2790 397 2856 vocalium
423 2791 561 2860 elisione.
604 2791 686 2859 Nam
714 2817 906 2879 quamquam
933 2816 1051 2880 magna
1078 2799 1127 2861 est
1154 2795 1299 2877 suspitio,
1326 2817 1367 2861 ne

237 2897 296 2981 qui
319 2898 415 2978 prirui
435 2898 598 2964 Plutarchi
626 2901 745 2982 scripta
773 2901 1067 2982 transscripsemnt,
1094 2900 1194 2965 multa
1215 2900 1311 2965 etiam
1332 2900 1367 2964 in

237 3000 291 3063 his
317 3004 436 3066 temere
461 3001 642 3081 intulerint,
671 3025 743 3069 cum
770 3005 804 3068 in
831 3009 922 3069 tanta
952 3004 1140 3086 praesertim
1169 3003 1367 3086 corruptelae

237 3104 394 3170 facilitate
427 3110 533 3170 utrum
568 3107 652 3173 hanc
686 3131 728 3173 an
764 3109 861 3173 aliam
889 3109 924 3173 in
960 3107 1128 3180 scribendo
1161 3113 1368 3193 sequerentur

236 3211 338 3286 viam,
370 3210 453 3274 nihil
478 3211 631 3277 interesse
661 3210 841 3289 crederent,
870 3210 904 3274 in
934 3211 996 3276 hoc
1014 3214 1123 3275 tamen
1151 3230 1266 3293 genere
1288 3208 1367 3273 adeo

236 3316 303 3380 hnc
321 3315 398 3381 illuc
418 3316 566 3382 salientes
589 3315 731 3382 videmus
751 3317 864 3395 libroS,
889 3321 926 3381 ut
948 3316 1025 3400 quid
1046 3316 1216 3381 Plutarcho
1242 3316 1304 3397 ipsi
1326 3314 1368 3379 sit

237 3417 488 3496 concedendum,
512 3417 589 3502 quid
610 3440 686 3495 non,
707 3419 793 3484 varie
812 3418 925 3484 disseri
947 3418 1054 3501 possit.
1096 3418 1143 3483 Ut
1165 3416 1251 3480 nullo
1274 3413 1366 3479 modo

236 3523 355 3587 faciam
370 3544 441 3587 cum
454 3522 638 3600 Benseler0,
662 3522 718 3605 qui
739 3522 952 3604 peremptorio
975 3519 1111 3605 quodam
1132 3518 1235 3585 edicto
1258 3537 1366 3582 omncs

239 3627 397 3694 eiusmodi
418 3628 524 3693 hiatus
545 3647 671 3711 quoquo
692 3625 786 3691 modo
813 3624 1067 3692 exterminandos
1088 3622 1148 3688 sibi
1167 3622 1369 3705 persuaserit.

237 3728 513 3808 Quemadmodum
532 3730 632 3814 igitur
651 3733 726 3795 ante
746 3728 852 3794 lenem
872 3727 1021 3810 spiritum
1046 3746 1162 3810 magna
1183 3724 1301 3808 ubique
1322 3727 1370 3790 est

235 3834 419 3913 fluctuatio,
444 3839 482 3898 ut
510 3827 582 3897 ἀλλ’
613 3831 708 3910 ἐῶσι,
739 3824 829 3897 ταῦτ’
866 3826 1039 3908 ἐάσαντες,
1070 3824 1155 3894 ἀλλὰ
1194 3822 1361 3913 ἐφίσνησι,

237 3942 347 4005 ταῦτα
381 3936 499 4017 ἐάσας,
531 3930 602 4002 εἶτα
631 3935 830 4021 ἐμμένοντα,
862 3928 933 4002 εἶτα
963 3932 1096 4023 ἐπειδή,
1128 3926 1184 4000 sir'
1208 3931 1366 4019 ἐξαίφνης

235 4037 298 4109 εἶτ)
323 4041 391 4123 ἐπί,
412 4036 501 4109 ταῦτ’
525 4038 679 4119 εἰπόντος
707 4054 741 4108 ct
762 4045 866 4106 ταῦτα
895 4036 1064 4121 εἰπόντος,
1096 4039 1151 4106 ῗνα
1181 4030 1237 4103 οὖν
1265 4041 1299 4103 et
1326 4028 1367 4099 ἵν’

238 4140 301 4215 οὖν
322 4148 408 4213 ultro
429 4149 572 4233 citroque
601 4147 666 4211 sint
695 4150 887 4211 commutata
905 4144 956 4209 vel
982 4144 1144 4226 scriptoris
1166 4140 1299 4207 arbitrio
1320 4136 1370 4202 vel

235 4250 448 4316 librariorum
468 4248 663 4326 temeritate,
681 4251 718 4311 ut
738 4245 927 4330 perdifficile
949 4246 991 4311 sit
1011 4246 1046 4311 in
1067 4266 1158 4310 suum
1177 4241 1289 4324 cuique
1308 4239 1366 4303 tri·

234 4354 366 4422 bnendo
387 4354 581 4439 aequitatem
602 4373 743 4431 servare,
774 4351 833 4430 ita,
860 4372 901 4417 ne
930 4348 1055 4434 quando
1077 4346 1218 4431 sequitur
1240 4342 1368 4428 quidem

241 4561 456 4573 ——.

308 4690 338 4752 *)
359 4690 436 4744 Unde
454 4693 560 4759 adparet
578 4692 692 4744 eandem
708 4690 865 4742 medicinam
883 4685 1061 4738 adhibendam
1080 4698 1140 4736 esse
1159 4684 1248 4757 Symp.
1267 4680 1323 4745 Vll,
1342 4682 1368 4747 8,
1477 4730 1480 4737 ,

238 4782 255 4831 3
274 4792 301 4843 p.
323 4780 411 4844 712³,
429 4780 475 4833 nbi
494 4780 580 4830 eddur
597 4777 677 4832 ἔπιδ’
701 4773 806 4845 ὥσπερ.
