<?xml version="1.0" encoding="UTF-8"?>
<!DOCTYPE html PUBLIC "-//W3C//DTD XHTML 1.0 Transitional//EN"
    "http://www.w3.org/TR/xhtml1/DTD/xhtml1-transitional.dtd">
<html xmlns="http://www.w3.org/1999/xhtml" xml:lang="en" lang="en">
 <head>
  <title>
</title>
<meta http-equiv="Content-Type" content="text/html;charset=utf-8" />
  <meta name='ocr-system' content='tesseract 3.04.00' />
  <meta name='ocr-capabilities' content='ocr_page ocr_carea ocr_par ocr_line ocrx_word'/>
</head>
<body>
  <div class='ocr_page' id='page_1' title='image "./vindiciarumplut00doehgoog_0129.png"; bbox 0 0 3700 5625; ppageno 0'>
   <div class='ocr_carea' id='block_1_1' title="bbox 668 621 904 683">
    <p class='ocr_par' dir='ltr' id='par_1_1' title="bbox 668 621 904 683">
     <span class='ocr_line' id='line_1_1' title="bbox 668 621 904 683; baseline -0.008 0"><span class='ocrx_word' id='word_1_1' title='bbox 668 621 904 683; x_wconf 85' lang='lat' dir='ltr'><strong>-ttt-</strong></span> 
     </span>
    </p>
   </div>
   <div class='ocr_carea' id='block_1_2' title="bbox 318 776 1368 1019">
    <p class='ocr_par' dir='ltr' id='par_1_2' title="bbox 318 776 1368 1019">
     <span class='ocr_line' id='line_1_2' title="bbox 335 776 1368 844; baseline -0.009 -8"><span class='ocrx_word' id='word_1_2' title='bbox 335 784 381 836; x_wconf 73' lang='lat' dir='ltr'><strong>stit</strong></span> <span class='ocrx_word' id='word_1_3' title='bbox 397 784 475 836; x_wconf 71' lang='grc' dir='ltr'><strong><em>οὑιαιι</em></strong></span> <span class='ocrx_word' id='word_1_4' title='bbox 490 783 621 834; x_wconf 72' lang='lat' dir='ltr'><strong>rsa&#39;aesdcn</strong></span> <span class='ocrx_word' id='word_1_5' title='bbox 636 780 750 835; x_wconf 78' lang='lat' dir='ltr'><strong>Gmn’sclr</strong></span> <span class='ocrx_word' id='word_1_6' title='bbox 769 782 868 844; x_wconf 65' lang='lat' dir='ltr'><strong>nicei,</strong></span> <span class='ocrx_word' id='word_1_7' title='bbox 887 791 968 844; x_wconf 62' lang='lat' dir='ltr'><strong>som,</strong></span> <span class='ocrx_word' id='word_1_8' title='bbox 985 778 1210 844; x_wconf 68' lang='lat' dir='ltr'><strong>stdumptioeisr</strong></span> <span class='ocrx_word' id='word_1_9' title='bbox 1225 777 1277 830; x_wconf 74' lang='lat' dir='ltr'><strong>trad</strong></span> <span class='ocrx_word' id='word_1_10' title='bbox 1295 776 1368 828; x_wconf 77' lang='lat' dir='ltr'><strong>ends·</strong></span> 
     </span>
     <span class='ocr_line' id='line_1_3' title="bbox 335 861 1364 930; baseline -0.009 -12"><span class='ocrx_word' id='word_1_11' title='bbox 335 868 441 918; x_wconf 63' lang='lat' dir='ltr'><strong>uncta</strong></span> <span class='ocrx_word' id='word_1_12' title='bbox 459 865 599 920; x_wconf 66' lang='lat' dir='ltr'><strong>struuntur</strong></span> <span class='ocrx_word' id='word_1_13' title='bbox 618 867 670 918; x_wconf 79' lang='lat' dir='ltr'><strong>und</strong></span> <span class='ocrx_word' id='word_1_14' title='bbox 686 865 785 916; x_wconf 67' lang='grc' dir='ltr'><strong><em>Βᾶιιιιο</em></strong></span> <span class='ocrx_word' id='word_1_15' title='bbox 803 864 951 930; x_wconf 66' lang='lat' dir='ltr'><strong>(Rhenum</strong></span> <span class='ocrx_word' id='word_1_16' title='bbox 967 862 1106 930; x_wconf 70' lang='lat' dir='ltr'><strong>jrnrrqnlo,</strong></span> <span class='ocrx_word' id='word_1_17' title='bbox 1126 862 1184 914; x_wconf 80' lang='lat' dir='ltr'><strong>Ilau</strong></span> <span class='ocrx_word' id='word_1_18' title='bbox 1201 861 1364 927; x_wconf 61' lang='grc' dir='ltr'><strong><em>Αφαίίοῑίανα,</em></strong></span> 
     </span>
     <span class='ocr_line' id='line_1_4' title="bbox 318 949 1365 1019; baseline -0.011 -8"><span class='ocrx_word' id='word_1_19' title='bbox 318 951 451 1011; x_wconf 54' lang='lat' dir='ltr'><strong>Quercus</strong></span> <span class='ocrx_word' id='word_1_20' title='bbox 474 955 664 1018; x_wconf 57' lang='lat' dir='ltr'><strong>praemiata,</strong></span> <span class='ocrx_word' id='word_1_21' title='bbox 686 955 798 1019; x_wconf 64' lang='lat' dir='ltr'><strong>Funus</strong></span> <span class='ocrx_word' id='word_1_22' title='bbox 820 952 1007 1016; x_wconf 76' lang='lat' dir='ltr'><strong>siluatica)</strong></span> <span class='ocrx_word' id='word_1_23' title='bbox 1031 949 1139 1003; x_wconf 68' lang='lat' dir='ltr'><strong>hsdecki.</strong></span> <span class='ocrx_word' id='word_1_24' title='bbox 1180 949 1220 1002; x_wconf 82' lang='lat' dir='ltr'><strong>Dc</strong></span> <span class='ocrx_word' id='word_1_25' title='bbox 1246 950 1365 1002; x_wconf 81' lang='lat' dir='ltr'><strong>canistris</strong></span> 
     </span>
    </p>
   </div>
   <div class='ocr_carea' id='block_1_3' title="bbox 335 1028 1367 1462">
    <p class='ocr_par' dir='ltr' id='par_1_3' title="bbox 335 1028 1367 1462">
     <span class='ocr_line' id='line_1_5' title="bbox 337 1028 1367 1109; baseline -0.006 -15"><span class='ocrx_word' id='word_1_26' title='bbox 337 1050 424 1109; x_wconf 86' lang='lat' dir='ltr'><strong>sparto</strong></span> <span class='ocrx_word' id='word_1_27' title='bbox 449 1046 579 1097; x_wconf 81' lang='lat' dir='ltr'><strong>contextis</strong></span> <span class='ocrx_word' id='word_1_28' title='bbox 600 1044 662 1097; x_wconf 85' lang='lat' dir='ltr'><strong>vide</strong></span> <span class='ocrx_word' id='word_1_29' title='bbox 684 1042 836 1096; x_wconf 80' lang='lat' dir='ltr'><strong>Willlromm</strong></span> <span class='ocrx_word' id='word_1_30' title='bbox 854 1041 870 1094; x_wconf 95' lang='grc' dir='ltr'><strong>Ι.</strong></span> <span class='ocrx_word' id='word_1_31' title='bbox 889 1041 906 1095; x_wconf 95' lang='lat' dir='ltr'><strong>l.</strong></span> <span class='ocrx_word' id='word_1_32' title='bbox 925 1056 952 1106; x_wconf 90' lang='lat' dir='ltr'><strong>p.</strong></span> <span class='ocrx_word' id='word_1_33' title='bbox 973 1041 1039 1104; x_wconf 81' lang='grc'><strong><em>632,</em></strong></span> <span class='ocrx_word' id='word_1_34' title='bbox 1059 1039 1226 1102; x_wconf 85' lang='lat' dir='ltr'><strong>Bechmann,</strong></span> <span class='ocrx_word' id='word_1_35' title='bbox 1246 1028 1367 1102; x_wconf 71' lang='lat' dir='ltr'><strong>Beitrags</strong></span> 
     </span>
     <span class='ocr_line' id='line_1_6' title="bbox 335 1122 1365 1192; baseline -0.006 -14"><span class='ocrx_word' id='word_1_36' title='bbox 335 1143 358 1181; x_wconf 85' lang='lat' dir='ltr'><strong>z.</strong></span> <span class='ocrx_word' id='word_1_37' title='bbox 384 1126 480 1180; x_wconf 84' lang='lat' dir='ltr'><strong>Gssch.</strong></span> <span class='ocrx_word' id='word_1_38' title='bbox 506 1129 533 1182; x_wconf 94' lang='lat' dir='ltr'><strong>d.</strong></span> <span class='ocrx_word' id='word_1_39' title='bbox 552 1127 605 1182; x_wconf 84' lang='lat' dir='ltr'><strong>Eri.</strong></span> <span class='ocrx_word' id='word_1_40' title='bbox 634 1127 663 1180; x_wconf 86' lang='grc' dir='ltr'><strong>Β.</strong></span> <span class='ocrx_word' id='word_1_41' title='bbox 689 1127 721 1178; x_wconf 89' lang='grc'><strong>111</strong></span> <span class='ocrx_word' id='word_1_42' title='bbox 747 1125 775 1182; x_wconf 88' lang='lat' dir='ltr'><strong>S.</strong></span> <span class='ocrx_word' id='word_1_43' title='bbox 797 1127 915 1192; x_wconf 83' lang='grc'><strong><em>123,.4,</em></strong></span> <span class='ocrx_word' id='word_1_44' title='bbox 943 1125 975 1178; x_wconf 89' lang='grc' dir='ltr'><strong>Η.</strong></span> <span class='ocrx_word' id='word_1_45' title='bbox 999 1123 1186 1189; x_wconf 85' lang='lat' dir='ltr'><strong>Wisltemaun,</strong></span> <span class='ocrx_word' id='word_1_46' title='bbox 1211 1122 1255 1175; x_wconf 87' lang='lat' dir='ltr'><strong>dic</strong></span> <span class='ocrx_word' id='word_1_47' title='bbox 1278 1123 1365 1174; x_wconf 80' lang='lat' dir='ltr'><strong>atriilre</strong></span> 
     </span>
     <span class='ocr_line' id='line_1_7' title="bbox 336 1213 1366 1285; baseline -0.004 -17"><span class='ocrx_word' id='word_1_48' title='bbox 336 1217 576 1271; x_wconf 80' lang='lat' dir='ltr'><strong>Laudwirihsehttll</strong></span> <span class='ocrx_word' id='word_1_49' title='bbox 589 1223 639 1271; x_wconf 80' lang='lat' dir='ltr'><strong>ele.</strong></span> <span class='ocrx_word' id='word_1_50' title='bbox 658 1217 746 1284; x_wconf 84' lang='lat' dir='ltr'><strong>Leipz.</strong></span> <span class='ocrx_word' id='word_1_51' title='bbox 763 1218 829 1269; x_wconf 83' lang='lat'>1859</span> <span class='ocrx_word' id='word_1_52' title='bbox 847 1234 872 1285; x_wconf 88' lang='lat' dir='ltr'><strong>p.</strong></span> <span class='ocrx_word' id='word_1_53' title='bbox 885 1218 929 1283; x_wconf 80' lang='grc'><strong>21,</strong></span> <span class='ocrx_word' id='word_1_54' title='bbox 944 1218 974 1270; x_wconf 85' lang='lat'><strong>5:</strong></span> <span class='ocrx_word' id='word_1_55' title='bbox 999 1216 1097 1266; x_wconf 66' lang='lat' dir='ltr'><strong>Auo-rer</strong></span> <span class='ocrx_word' id='word_1_56' title='bbox 1109 1213 1193 1268; x_wconf 70' lang='lat' dir='ltr'><strong>Sallen</strong></span> <span class='ocrx_word' id='word_1_57' title='bbox 1213 1215 1265 1264; x_wconf 82' lang='lat' dir='ltr'><strong>und</strong></span> <span class='ocrx_word' id='word_1_58' title='bbox 1279 1213 1366 1264; x_wconf 78' lang='grc' dir='ltr'><strong><em>Τσααπ</em></strong></span> 
     </span>
     <span class='ocr_line' id='line_1_8' title="bbox 337 1299 1366 1370; baseline -0.004 -16"><span class='ocrx_word' id='word_1_59' title='bbox 337 1305 434 1354; x_wconf 73' lang='lat' dir='ltr'><strong>rnechte</strong></span> <span class='ocrx_word' id='word_1_60' title='bbox 453 1322 510 1354; x_wconf 82' lang='lat' dir='ltr'><strong>mon</strong></span> <span class='ocrx_word' id='word_1_61' title='bbox 528 1305 559 1354; x_wconf 90' lang='lat' dir='ltr'><em>K</em></span> <span class='ocrx_word' id='word_1_62' title='bbox 563 1311 578 1356; x_wconf 81' lang='grc' dir='ltr'><strong><em>δ</em></strong></span> <span class='ocrx_word' id='word_1_63' title='bbox 584 1308 652 1367; x_wconf 85' lang='lat' dir='ltr'><strong>rbe,</strong></span> <span class='ocrx_word' id='word_1_64' title='bbox 671 1305 817 1368; x_wconf 66' lang='lat' dir='ltr'><strong>Monesen,</strong></span> <span class='ocrx_word' id='word_1_65' title='bbox 836 1303 947 1368; x_wconf 71' lang='lat' dir='ltr'><strong>Scinio,</strong></span> <span class='ocrx_word' id='word_1_66' title='bbox 967 1301 1064 1354; x_wconf 81' lang='lat' dir='ltr'><strong>Socken</strong></span> <span class='ocrx_word' id='word_1_67' title='bbox 1078 1303 1126 1370; x_wconf 85' lang='lat' dir='ltr'><strong>fiir</strong></span> <span class='ocrx_word' id='word_1_68' title='bbox 1144 1301 1250 1368; x_wconf 80' lang='lat' dir='ltr'><strong>Pserde,</strong></span> <span class='ocrx_word' id='word_1_69' title='bbox 1271 1299 1366 1350; x_wconf 82' lang='lat' dir='ltr'><strong>Ocltaers</strong></span> 
     </span>
     <span class='ocr_line' id='line_1_9' title="bbox 336 1393 823 1462; baseline 0.008 -18"><span class='ocrx_word' id='word_1_70' title='bbox 336 1394 388 1444; x_wconf 78' lang='lat' dir='ltr'><strong>and</strong></span> <span class='ocrx_word' id='word_1_71' title='bbox 405 1393 538 1446; x_wconf 79' lang='lat' dir='ltr'><strong>Mnulercl</strong></span> <span class='ocrx_word' id='word_1_72' title='bbox 555 1413 603 1446; x_wconf 78' lang='lat' dir='ltr'><strong>aus</strong></span> <span class='ocrx_word' id='word_1_73' title='bbox 620 1395 675 1446; x_wconf 78' lang='lat' dir='ltr'><strong>doru</strong></span> <span class='ocrx_word' id='word_1_74' title='bbox 693 1393 823 1462; x_wconf 76' lang='lat' dir='ltr'><strong>Spartano.</strong></span> 
     </span>
    </p>
   </div>
   <div class='ocr_carea' id='block_1_4' title="bbox 238 1578 962 1646">
    <p class='ocr_par' dir='ltr' id='par_1_4' title="bbox 238 1578 962 1646">
     <span class='ocr_line' id='line_1_10' title="bbox 238 1578 962 1646; baseline -0.006 -12"><span class='ocrx_word' id='word_1_75' title='bbox 238 1585 264 1635; x_wconf 84' lang='lat' dir='ltr'><strong>P.</strong></span> <span class='ocrx_word' id='word_1_76' title='bbox 284 1582 318 1632; x_wconf 80' lang='grc'><strong>74</strong></span> <span class='ocrx_word' id='word_1_77' title='bbox 333 1598 358 1636; x_wconf 87' lang='lat' dir='ltr'><strong>v.</strong></span> <span class='ocrx_word' id='word_1_78' title='bbox 377 1582 393 1632; x_wconf 85' lang='grc'>9</span> <span class='ocrx_word' id='word_1_79' title='bbox 413 1583 446 1634; x_wconf 86' lang='lat' dir='ltr'><strong>ab</strong></span> <span class='ocrx_word' id='word_1_80' title='bbox 465 1581 519 1632; x_wconf 91' lang='lat' dir='ltr'><strong>imo</strong></span> <span class='ocrx_word' id='word_1_81' title='bbox 537 1595 584 1646; x_wconf 90' lang='lat' dir='ltr'><strong>pro</strong></span> <span class='ocrx_word' id='word_1_82' title='bbox 603 1595 628 1645; x_wconf 93' lang='lat' dir='ltr'><strong>p.</strong></span> <span class='ocrx_word' id='word_1_83' title='bbox 648 1580 721 1631; x_wconf 78' lang='lat' dir='ltr'><strong>‘illc</strong></span> <span class='ocrx_word' id='word_1_84' title='bbox 738 1578 816 1631; x_wconf 86' lang='lat' dir='ltr'><strong>scrib.</strong></span> <span class='ocrx_word' id='word_1_85' title='bbox 836 1593 862 1644; x_wconf 88' lang='lat' dir='ltr'><strong>p.</strong></span> <span class='ocrx_word' id='word_1_86' title='bbox 882 1578 932 1630; x_wconf 81' lang='grc'><strong>’144</strong></span> <span class='ocrx_word' id='word_1_87' title='bbox 940 1592 962 1630; x_wconf 96' lang='lat' dir='ltr'><strong>c.</strong></span> 
     </span>
    </p>
   </div>
   <div class='ocr_carea' id='block_1_5' title="bbox 241 1763 1363 1939">
    <p class='ocr_par' dir='ltr' id='par_1_5' title="bbox 241 1763 1363 1939">
     <span class='ocr_line' id='line_1_11' title="bbox 241 1763 1363 1849; baseline -0.004 -13"><span class='ocrx_word' id='word_1_88' title='bbox 241 1785 268 1837; x_wconf 86' lang='lat' dir='ltr'><strong>P.</strong></span> <span class='ocrx_word' id='word_1_89' title='bbox 287 1784 337 1837; x_wconf 75' lang='lat'><strong>84.</strong></span> <span class='ocrx_word' id='word_1_90' title='bbox 352 1781 478 1849; x_wconf 69' lang='lat' dir='ltr'><strong>Exemph</strong></span> <span class='ocrx_word' id='word_1_91' title='bbox 495 1781 600 1834; x_wconf 85' lang='lat' dir='ltr'><strong>slierius</strong></span> <span class='ocrx_word' id='word_1_92' title='bbox 619 1779 821 1848; x_wconf 65' lang='lat' dir='ltr'><strong>praepositionis</strong></span> <span class='ocrx_word' id='word_1_93' title='bbox 838 1780 866 1832; x_wconf 91' lang='lat' dir='ltr'><strong>in</strong></span> <span class='ocrx_word' id='word_1_94' title='bbox 885 1781 979 1836; x_wconf 78' lang='lat' dir='ltr'><strong>verbio</strong></span> <span class='ocrx_word' id='word_1_95' title='bbox 992 1781 1137 1846; x_wconf 72' lang='lat' dir='ltr'><strong>conpositis</strong></span> <span class='ocrx_word' id='word_1_96' title='bbox 1156 1779 1224 1834; x_wconf 81' lang='lat' dir='ltr'><strong>maia</strong></span> <span class='ocrx_word' id='word_1_97' title='bbox 1235 1763 1236 1766; x_wconf 8' lang='grc' dir='ltr'><strong>Ἴ</strong></span> <span class='ocrx_word' id='word_1_98' title='bbox 1246 1781 1363 1834; x_wconf 81' lang='lat' dir='ltr'><strong>omissae</strong></span> 
     </span>
     <span class='ocr_line' id='line_1_12' title="bbox 344 1867 1033 1939; baseline -0.001 -17"><span class='ocrx_word' id='word_1_99' title='bbox 344 1873 454 1939; x_wconf 73' lang='lat' dir='ltr'><strong>praehet</strong></span> <span class='ocrx_word' id='word_1_100' title='bbox 472 1871 567 1924; x_wconf 87' lang='lat' dir='ltr'><strong>lacohs</strong></span> <span class='ocrx_word' id='word_1_101' title='bbox 585 1869 684 1922; x_wconf 82' lang='lat' dir='ltr'><strong>Aelian.</strong></span> <span class='ocrx_word' id='word_1_102' title='bbox 704 1869 730 1922; x_wconf 95' lang='lat' dir='ltr'><strong>h.</strong></span> <span class='ocrx_word' id='word_1_103' title='bbox 750 1884 773 1922; x_wconf 82' lang='lat' dir='ltr'><strong>s.</strong></span> <span class='ocrx_word' id='word_1_104' title='bbox 795 1867 828 1933; x_wconf 81' lang='lat' dir='ltr'><strong>tt,</strong></span> <span class='ocrx_word' id='word_1_105' title='bbox 851 1869 862 1920; x_wconf 94' lang='grc'><strong><em>1</em></strong></span> <span class='ocrx_word' id='word_1_106' title='bbox 882 1883 909 1935; x_wconf 90' lang='lat' dir='ltr'><strong>p.</strong></span> <span class='ocrx_word' id='word_1_107' title='bbox 929 1867 990 1933; x_wconf 82' lang='lat'>219,</span> <span class='ocrx_word' id='word_1_108' title='bbox 1008 1869 1033 1921; x_wconf 82' lang='lat'><strong>8.</strong></span> 
     </span>
    </p>
   </div>
   <div class='ocr_carea' id='block_1_6' title="bbox 242 2071 1456 3198">
    <p class='ocr_par' dir='ltr' id='par_1_6' title="bbox 242 2071 1456 3198">
     <span class='ocr_line' id='line_1_13' title="bbox 242 2071 1363 2144; baseline -0.003 -15"><span class='ocrx_word' id='word_1_109' title='bbox 242 2077 316 2141; x_wconf 77' lang='lat' dir='ltr'><strong>Quod</strong></span> <span class='ocrx_word' id='word_1_110' title='bbox 335 2078 362 2128; x_wconf 93' lang='lat' dir='ltr'><strong>in</strong></span> <span class='ocrx_word' id='word_1_111' title='bbox 380 2076 485 2139; x_wconf 77' lang='lat' dir='ltr'><strong>Quaest.</strong></span> <span class='ocrx_word' id='word_1_112' title='bbox 504 2075 572 2129; x_wconf 85' lang='lat' dir='ltr'><strong>Plut.</strong></span> <span class='ocrx_word' id='word_1_113' title='bbox 590 2076 680 2141; x_wconf 83' lang='lat' dir='ltr'><strong>partic.</strong></span> <span class='ocrx_word' id='word_1_114' title='bbox 699 2073 720 2124; x_wconf 96' lang='lat' dir='ltr'><strong>ll</strong></span> <span class='ocrx_word' id='word_1_115' title='bbox 738 2089 764 2140; x_wconf 91' lang='lat' dir='ltr'><strong>p.</strong></span> <span class='ocrx_word' id='word_1_116' title='bbox 778 2074 811 2125; x_wconf 81' lang='lat'><strong>29</strong></span> <span class='ocrx_word' id='word_1_117' title='bbox 830 2073 940 2126; x_wconf 88' lang='lat' dir='ltr'><strong>deloco</strong></span> <span class='ocrx_word' id='word_1_118' title='bbox 960 2072 1049 2144; x_wconf 73' lang='lat' dir='ltr'><strong>Symp.</strong></span> <span class='ocrx_word' id='word_1_119' title='bbox 1062 2071 1112 2138; x_wconf 87' lang='lat' dir='ltr'><strong>vi,</strong></span> <span class='ocrx_word' id='word_1_120' title='bbox 1137 2075 1166 2124; x_wconf 88' lang='lat' dir='ltr'><strong>iil</strong></span> <span class='ocrx_word' id='word_1_121' title='bbox 1186 2089 1212 2140; x_wconf 91' lang='lat' dir='ltr'><strong>p.</strong></span> <span class='ocrx_word' id='word_1_122' title='bbox 1230 2073 1303 2127; x_wconf 78' lang='grc' dir='ltr'><strong><em>696ε</em></strong></span> <span class='ocrx_word' id='word_1_123' title='bbox 1325 2071 1363 2126; x_wconf 74' lang='grc' dir='ltr'><strong>ὅτι</strong></span> 
     </span>
     <span class='ocr_line' id='line_1_14' title="bbox 334 2150 1365 2230; baseline -0.002 -18"><span class='ocrx_word' id='word_1_124' title='bbox 334 2161 389 2230; x_wconf 76' lang='grc' dir='ltr'><strong>μὲν</strong></span> <span class='ocrx_word' id='word_1_125' title='bbox 412 2156 447 2226; x_wconf 75' lang='grc' dir='ltr'><strong>δὴ</strong></span> <span class='ocrx_word' id='word_1_126' title='bbox 474 2161 585 2227; x_wconf 84' lang='grc' dir='ltr'><strong><em>πνεῦμα</em></strong></span> <span class='ocrx_word' id='word_1_127' title='bbox 609 2160 657 2224; x_wconf 78' lang='grc' dir='ltr'><strong><em>τῆς</em></strong></span> <span class='ocrx_word' id='word_1_128' title='bbox 679 2159 764 2224; x_wconf 79' lang='grc' dir='ltr'><strong><em>συκῆς</em></strong></span> <span class='ocrx_word' id='word_1_129' title='bbox 786 2150 899 2209; x_wconf 72' lang='grc' dir='ltr'><strong><em>ἄπεισιν</em></strong></span> <span class='ocrx_word' id='word_1_130' title='bbox 927 2155 1043 2230; x_wconf 78' lang='grc' dir='ltr'><strong><em>ἰσχυρόν</em></strong></span> <span class='ocrx_word' id='word_1_131' title='bbox 1067 2159 1113 2208; x_wconf 80' lang='grc' dir='ltr'><strong><em>καὶ</em></strong></span> <span class='ocrx_word' id='word_1_132' title='bbox 1137 2155 1266 2228; x_wconf 86' lang='grc' dir='ltr'><strong><em>σφοδρόν</em></strong></span> <span class='ocrx_word' id='word_1_133' title='bbox 1291 2155 1309 2222; x_wconf 78' lang='grc' dir='ltr'>ἥ</span> <span class='ocrx_word' id='word_1_134' title='bbox 1333 2175 1365 2210; x_wconf 82' lang='grc' dir='ltr'><strong>τε</strong></span> 
     </span>
     <span class='ocr_line' id='line_1_15' title="bbox 339 2237 1367 2319; baseline -0.005 -19"><span class='ocrx_word' id='word_1_135' title='bbox 339 2242 421 2315; x_wconf 81' lang='grc' dir='ltr'><strong><em>όψις</em></strong></span> <span class='ocrx_word' id='word_1_136' title='bbox 437 2247 605 2319; x_wconf 72' lang='grc' dir='ltr'><strong><em>λκμαρτορεῖ</em></strong></span> <span class='ocrx_word' id='word_1_137' title='bbox 623 2249 678 2298; x_wconf 81' lang='grc' dir='ltr'><strong><em>κτλ.</em></strong></span> <span class='ocrx_word' id='word_1_138' title='bbox 704 2245 883 2296; x_wconf 84' lang='lat' dir='ltr'><strong>demonstrare</strong></span> <span class='ocrx_word' id='word_1_139' title='bbox 904 2250 1013 2297; x_wconf 88' lang='lat' dir='ltr'><strong>conatus</strong></span> <span class='ocrx_word' id='word_1_140' title='bbox 1032 2259 1090 2296; x_wconf 91' lang='lat' dir='ltr'><strong>sum</strong></span> <span class='ocrx_word' id='word_1_141' title='bbox 1114 2259 1158 2310; x_wconf 88' lang='lat' dir='ltr'><strong>pro</strong></span> <span class='ocrx_word' id='word_1_142' title='bbox 1185 2237 1250 2310; x_wconf 85' lang='grc' dir='ltr'><strong><em>όψις</em></strong></span> <span class='ocrx_word' id='word_1_143' title='bbox 1270 2244 1367 2297; x_wconf 88' lang='lat' dir='ltr'><strong>substi-</strong></span> 
     </span>
     <span class='ocr_line' id='line_1_16' title="bbox 337 2324 1366 2402; baseline -0.003 -19"><span class='ocrx_word' id='word_1_144' title='bbox 337 2331 465 2384; x_wconf 83' lang='lat' dir='ltr'><strong>tuendum</strong></span> <span class='ocrx_word' id='word_1_145' title='bbox 480 2330 561 2382; x_wconf 83' lang='lat' dir='ltr'><strong>videri</strong></span> <span class='ocrx_word' id='word_1_146' title='bbox 574 2324 717 2402; x_wconf 79' lang='grc' dir='ltr'><strong><em>ὄσφρησις,</em></strong></span> <span class='ocrx_word' id='word_1_147' title='bbox 735 2327 815 2380; x_wconf 82' lang='lat' dir='ltr'><strong>hodic</strong></span> <span class='ocrx_word' id='word_1_148' title='bbox 831 2328 1007 2394; x_wconf 85' lang='lat' dir='ltr'><strong>nonamplius</strong></span> <span class='ocrx_word' id='word_1_149' title='bbox 1025 2329 1163 2393; x_wconf 88' lang='lat' dir='ltr'><strong>tenuerim,</strong></span> <span class='ocrx_word' id='word_1_150' title='bbox 1177 2343 1237 2380; x_wconf 90' lang='lat' dir='ltr'><strong>cum</strong></span> <span class='ocrx_word' id='word_1_151' title='bbox 1249 2343 1366 2394; x_wconf 86' lang='lat' dir='ltr'><strong>praeser-</strong></span> 
     </span>
     <span class='ocr_line' id='line_1_17' title="bbox 339 2415 1366 2487; baseline 0.001 -18"><span class='ocrx_word' id='word_1_152' title='bbox 339 2421 386 2469; x_wconf 88' lang='lat' dir='ltr'><strong>tim</strong></span> <span class='ocrx_word' id='word_1_153' title='bbox 403 2419 522 2469; x_wconf 81' lang='lat' dir='ltr'><strong>nesciam</strong></span> <span class='ocrx_word' id='word_1_154' title='bbox 542 2431 577 2467; x_wconf 79' lang='lat' dir='ltr'><strong>an</strong></span> <span class='ocrx_word' id='word_1_155' title='bbox 593 2417 662 2468; x_wconf 86' lang='lat' dir='ltr'><strong>tueri</strong></span> <span class='ocrx_word' id='word_1_156' title='bbox 678 2415 756 2467; x_wconf 82' lang='lat' dir='ltr'><strong>licoat</strong></span> <span class='ocrx_word' id='word_1_157' title='bbox 773 2416 893 2482; x_wconf 84' lang='lat' dir='ltr'><strong>exemplo</strong></span> <span class='ocrx_word' id='word_1_158' title='bbox 909 2415 1041 2468; x_wconf 77' lang='lat' dir='ltr'><strong>Theocriti</strong></span> <span class='ocrx_word' id='word_1_159' title='bbox 1055 2418 1073 2480; x_wconf 90' lang='lat' dir='ltr'><strong>l,</strong></span> <span class='ocrx_word' id='word_1_160' title='bbox 1090 2415 1137 2466; x_wconf 82' lang='lat'><strong>149</strong></span> <span class='ocrx_word' id='word_1_161' title='bbox 1156 2419 1257 2483; x_wconf 70' lang='grc' dir='ltr'><strong><em>θᾶσαι,</em></strong></span> <span class='ocrx_word' id='word_1_162' title='bbox 1277 2419 1366 2487; x_wconf 91' lang='grc' dir='ltr'><strong><em>φίλος,</em></strong></span> 
     </span>
     <span class='ocr_line' id='line_1_18' title="bbox 344 2498 1367 2573; baseline 0 -16"><span class='ocrx_word' id='word_1_163' title='bbox 344 2503 380 2565; x_wconf 82' lang='grc' dir='ltr'><strong><em>ὡς</em></strong></span> <span class='ocrx_word' id='word_1_164' title='bbox 396 2503 482 2559; x_wconf 77' lang='grc' dir='ltr'><strong><em>καλὸν</em></strong></span> <span class='ocrx_word' id='word_1_165' title='bbox 503 2498 589 2571; x_wconf 83' lang='grc' dir='ltr'><strong><em>όσδει,</em></strong></span> <span class='ocrx_word' id='word_1_166' title='bbox 611 2517 664 2571; x_wconf 85' lang='lat' dir='ltr'><strong>quo</strong></span> <span class='ocrx_word' id='word_1_167' title='bbox 678 2503 787 2555; x_wconf 86' lang='lat' dir='ltr'><strong>deloco</strong></span> <span class='ocrx_word' id='word_1_168' title='bbox 800 2509 826 2555; x_wconf 84' lang='lat' dir='ltr'><strong>ei</strong></span> <span class='ocrx_word' id='word_1_169' title='bbox 844 2505 1004 2569; x_wconf 87' lang='lat' dir='ltr'><strong>quibusdam</strong></span> <span class='ocrx_word' id='word_1_170' title='bbox 1022 2505 1079 2556; x_wconf 83' lang='lat' dir='ltr'><strong>eliis</strong></span> <span class='ocrx_word' id='word_1_171' title='bbox 1097 2505 1217 2558; x_wconf 79' lang='lat' dir='ltr'><strong>fortassis</strong></span> <span class='ocrx_word' id='word_1_172' title='bbox 1237 2505 1291 2557; x_wconf 90' lang='lat' dir='ltr'><strong>huc</strong></span> <span class='ocrx_word' id='word_1_173' title='bbox 1309 2521 1367 2573; x_wconf 88' lang='lat' dir='ltr'><strong>per-</strong></span> 
     </span>
     <span class='ocr_line' id='line_1_19' title="bbox 342 2591 1366 2660; baseline 0.002 -15"><span class='ocrx_word' id='word_1_174' title='bbox 342 2594 485 2646; x_wconf 86' lang='lat' dir='ltr'><strong>tinentibus</strong></span> <span class='ocrx_word' id='word_1_175' title='bbox 503 2593 627 2645; x_wconf 79' lang='lat' dir='ltr'><strong>disseruit</strong></span> <span class='ocrx_word' id='word_1_176' title='bbox 645 2591 797 2645; x_wconf 82' lang='lat' dir='ltr'><strong>Loheclrius</strong></span> <span class='ocrx_word' id='word_1_177' title='bbox 815 2593 843 2643; x_wconf 91' lang='lat' dir='ltr'><strong>in</strong></span> <span class='ocrx_word' id='word_1_178' title='bbox 859 2591 1014 2645; x_wconf 86' lang='lat' dir='ltr'><strong>Rhematico</strong></span> <span class='ocrx_word' id='word_1_179' title='bbox 1032 2609 1058 2660; x_wconf 90' lang='lat' dir='ltr'><strong>p.</strong></span> <span class='ocrx_word' id='word_1_180' title='bbox 1070 2593 1120 2645; x_wconf 87' lang='grc'><strong>338</strong></span> <span class='ocrx_word' id='word_1_181' title='bbox 1139 2601 1165 2646; x_wconf 89' lang='lat' dir='ltr'><strong>et</strong></span> <span class='ocrx_word' id='word_1_182' title='bbox 1179 2595 1313 2647; x_wconf 83' lang='lat' dir='ltr'><strong>Fritzscha</strong></span> <span class='ocrx_word' id='word_1_183' title='bbox 1333 2596 1366 2647; x_wconf 88' lang='lat' dir='ltr'><strong>ad</strong></span> 
     </span>
     <span class='ocr_line' id='line_1_20' title="bbox 339 2681 1367 2756; baseline 0.002 -22"><span class='ocrx_word' id='word_1_184' title='bbox 339 2683 518 2747; x_wconf 82' lang='lat' dir='ltr'><strong>Theocritum,</strong></span> <span class='ocrx_word' id='word_1_185' title='bbox 534 2682 552 2735; x_wconf 94' lang='lat' dir='ltr'><strong>l.</strong></span> <span class='ocrx_word' id='word_1_186' title='bbox 560 2681 576 2734; x_wconf 92' lang='grc' dir='ltr'><strong>Ι.</strong></span> <span class='ocrx_word' id='word_1_187' title='bbox 589 2682 634 2747; x_wconf 91' lang='lat' dir='ltr'><strong>qui</strong></span> <span class='ocrx_word' id='word_1_188' title='bbox 645 2683 779 2749; x_wconf 71' lang='lat' dir='ltr'><strong>aptissime</strong></span> <span class='ocrx_word' id='word_1_189' title='bbox 793 2684 944 2748; x_wconf 85' lang='lat' dir='ltr'><strong>provocavit</strong></span> <span class='ocrx_word' id='word_1_190' title='bbox 953 2683 988 2734; x_wconf 89' lang='lat' dir='ltr'><strong>ad</strong></span> <span class='ocrx_word' id='word_1_191' title='bbox 1002 2683 1083 2736; x_wconf 76' lang='lat' dir='ltr'><strong>Pluut</strong></span> <span class='ocrx_word' id='word_1_192' title='bbox 1098 2684 1268 2749; x_wconf 65' lang='lat' dir='ltr'><strong>litigiosi,</strong></span> <span class='ocrx_word' id='word_1_193' title='bbox 1282 2687 1308 2750; x_wconf 90' lang='grc'><strong>6,</strong></span> <span class='ocrx_word' id='word_1_194' title='bbox 1319 2686 1367 2756; x_wconf 74' lang='grc' dir='ltr'><strong>44ε</strong></span> 
     </span>
     <span class='ocr_line' id='line_1_21' title="bbox 346 2770 1367 2840; baseline 0.002 -16"><span class='ocrx_word' id='word_1_195' title='bbox 346 2773 415 2824; x_wconf 82' lang='lat' dir='ltr'><strong>Naso</strong></span> <span class='ocrx_word' id='word_1_196' title='bbox 431 2771 477 2839; x_wconf 92' lang='lat' dir='ltr'><strong>pol</strong></span> <span class='ocrx_word' id='word_1_197' title='bbox 494 2773 545 2823; x_wconf 88' lang='lat' dir='ltr'><strong>iam</strong></span> <span class='ocrx_word' id='word_1_198' title='bbox 568 2770 635 2823; x_wconf 83' lang='lat' dir='ltr'><strong>haec</strong></span> <span class='ocrx_word' id='word_1_199' title='bbox 658 2771 766 2837; x_wconf 90' lang='lat' dir='ltr'><strong>quidem</strong></span> <span class='ocrx_word' id='word_1_200' title='bbox 785 2771 859 2824; x_wconf 86' lang='lat' dir='ltr'><strong>videt</strong></span> <span class='ocrx_word' id='word_1_201' title='bbox 876 2772 936 2839; x_wconf 90' lang='lat' dir='ltr'><strong>plus</strong></span> <span class='ocrx_word' id='word_1_202' title='bbox 956 2786 1035 2837; x_wconf 82' lang='lat' dir='ltr'><strong>quum</strong></span> <span class='ocrx_word' id='word_1_203' title='bbox 1053 2773 1145 2827; x_wconf 89' lang='lat' dir='ltr'><strong>oculis.</strong></span> <span class='ocrx_word' id='word_1_204' title='bbox 1174 2773 1238 2826; x_wconf 87' lang='lat' dir='ltr'><strong>ltem</strong></span> <span class='ocrx_word' id='word_1_205' title='bbox 1256 2775 1327 2840; x_wconf 91' lang='lat' dir='ltr'><strong>quod</strong></span> <span class='ocrx_word' id='word_1_206' title='bbox 1341 2777 1367 2826; x_wconf 90' lang='lat' dir='ltr'><strong>in</strong></span> 
     </span>
     <span class='ocr_line' id='line_1_22' title="bbox 340 2859 1368 2930; baseline 0.002 -17"><span class='ocrx_word' id='word_1_207' title='bbox 340 2865 434 2913; x_wconf 82' lang='lat' dir='ltr'><strong>eadem</strong></span> <span class='ocrx_word' id='word_1_208' title='bbox 460 2860 586 2927; x_wconf 74' lang='lat' dir='ltr'><strong>particula</strong></span> <span class='ocrx_word' id='word_1_209' title='bbox 611 2877 637 2927; x_wconf 91' lang='lat' dir='ltr'><strong>p.</strong></span> <span class='ocrx_word' id='word_1_210' title='bbox 655 2860 687 2911; x_wconf 83' lang='grc'><strong>31</strong></span> <span class='ocrx_word' id='word_1_211' title='bbox 711 2862 738 2912; x_wconf 91' lang='lat' dir='ltr'><strong>in</strong></span> <span class='ocrx_word' id='word_1_212' title='bbox 761 2860 822 2912; x_wconf 92' lang='lat' dir='ltr'><strong>loco</strong></span> <span class='ocrx_word' id='word_1_213' title='bbox 841 2859 932 2930; x_wconf 76' lang='lat' dir='ltr'><strong>Symp.</strong></span> <span class='ocrx_word' id='word_1_214' title='bbox 954 2860 979 2925; x_wconf 93' lang='lat' dir='ltr'><strong>l,</strong></span> <span class='ocrx_word' id='word_1_215' title='bbox 1001 2860 1077 2927; x_wconf 88' lang='lat'>10,1</span> <span class='ocrx_word' id='word_1_216' title='bbox 1104 2877 1129 2928; x_wconf 87' lang='lat' dir='ltr'><strong>p.</strong></span> <span class='ocrx_word' id='word_1_217' title='bbox 1150 2862 1224 2913; x_wconf 79' lang='lat' dir='ltr'><strong>628n</strong></span> <span class='ocrx_word' id='word_1_218' title='bbox 1246 2877 1293 2927; x_wconf 93' lang='lat' dir='ltr'><strong>pro</strong></span> <span class='ocrx_word' id='word_1_219' title='bbox 1319 2863 1368 2915; x_wconf 81' lang='grc' dir='ltr'><strong>τὸν</strong></span> 
     </span>
     <span class='ocr_line' id='line_1_23' title="bbox 338 2931 1456 3021; baseline 0.001 -20"><span class='ocrx_word' id='word_1_220' title='bbox 338 2945 428 3021; x_wconf 78' lang='grc' dir='ltr'><strong><em>χορόν</em></strong></span> <span class='ocrx_word' id='word_1_221' title='bbox 450 2943 623 3008; x_wconf 75' lang='grc' dir='ltr'><strong>διατάξας</strong></span> <span class='ocrx_word' id='word_1_222' title='bbox 641 2963 673 2997; x_wconf 82' lang='lat' dir='ltr'><strong>ex</strong></span> <span class='ocrx_word' id='word_1_223' title='bbox 691 2950 822 3002; x_wconf 84' lang='lat' dir='ltr'><strong>consieuli</strong></span> <span class='ocrx_word' id='word_1_224' title='bbox 840 2954 868 2999; x_wconf 91' lang='lat' dir='ltr'><strong>ut</strong></span> <span class='ocrx_word' id='word_1_225' title='bbox 889 2950 1015 3014; x_wconf 84' lang='lat' dir='ltr'><strong>opinabor</strong></span> <span class='ocrx_word' id='word_1_226' title='bbox 1032 2958 1150 3001; x_wconf 85' lang='lat' dir='ltr'><strong>veterum</strong></span> <span class='ocrx_word' id='word_1_227' title='bbox 1167 2966 1217 3002; x_wconf 88' lang='lat' dir='ltr'><strong>usu</strong></span> <span class='ocrx_word' id='word_1_228' title='bbox 1237 2951 1366 3017; x_wconf 76' lang='lat' dir='ltr'><strong>relingcn-</strong></span> <span class='ocrx_word' id='word_1_229' title='bbox 1453 2931 1456 2939; x_wconf 45' lang='lat'><strong><em>¹</em></strong></span> 
     </span>
     <span class='ocr_line' id='line_1_24' title="bbox 341 3034 1369 3112; baseline 0.002 -21"><span class='ocrx_word' id='word_1_230' title='bbox 341 3042 404 3092; x_wconf 92' lang='lat' dir='ltr'><strong>dum</strong></span> <span class='ocrx_word' id='word_1_231' title='bbox 418 3040 489 3092; x_wconf 77' lang='lat' dir='ltr'><strong>suasi</strong></span> <span class='ocrx_word' id='word_1_232' title='bbox 498 3036 547 3092; x_wconf 85' lang='grc' dir='ltr'><strong>τὸν</strong></span> <span class='ocrx_word' id='word_1_233' title='bbox 555 3035 645 3112; x_wconf 85' lang='grc' dir='ltr'><strong><em>χορόν</em></strong></span> <span class='ocrx_word' id='word_1_234' title='bbox 657 3034 780 3103; x_wconf 82' lang='grc' dir='ltr'><strong><em>διδάξας,</em></strong></span> <span class='ocrx_word' id='word_1_235' title='bbox 794 3054 856 3090; x_wconf 90' lang='lat' dir='ltr'><strong>num</strong></span> <span class='ocrx_word' id='word_1_236' title='bbox 874 3046 943 3092; x_wconf 83' lang='lat' dir='ltr'><strong>recte</strong></span> <span class='ocrx_word' id='word_1_237' title='bbox 959 3040 1065 3091; x_wconf 82' lang='lat' dir='ltr'><strong>tecerim</strong></span> <span class='ocrx_word' id='word_1_238' title='bbox 1078 3054 1147 3094; x_wconf 88' lang='lat' dir='ltr'><strong>nunc</strong></span> <span class='ocrx_word' id='word_1_239' title='bbox 1161 3041 1281 3107; x_wconf 80' lang='lat' dir='ltr'><strong>ambigo;</strong></span> <span class='ocrx_word' id='word_1_240' title='bbox 1298 3047 1369 3093; x_wconf 82' lang='lat' dir='ltr'><strong>certe</strong></span> 
     </span>
     <span class='ocr_line' id='line_1_25' title="bbox 341 3129 1368 3198; baseline 0.002 -16"><span class='ocrx_word' id='word_1_241' title='bbox 341 3130 438 3182; x_wconf 85' lang='lat' dir='ltr'><strong>eodem</strong></span> <span class='ocrx_word' id='word_1_242' title='bbox 455 3144 562 3195; x_wconf 88' lang='lat' dir='ltr'><strong>prorsus</strong></span> <span class='ocrx_word' id='word_1_243' title='bbox 581 3129 662 3180; x_wconf 91' lang='lat' dir='ltr'><strong>modo</strong></span> <span class='ocrx_word' id='word_1_244' title='bbox 683 3144 744 3181; x_wconf 90' lang='lat' dir='ltr'><strong>cum</strong></span> <span class='ocrx_word' id='word_1_245' title='bbox 762 3129 902 3182; x_wconf 75' lang='lat' dir='ltr'><strong>Plutarcho</strong></span> <span class='ocrx_word' id='word_1_246' title='bbox 922 3129 1029 3182; x_wconf 87' lang='lat' dir='ltr'><strong>locutus</strong></span> <span class='ocrx_word' id='word_1_247' title='bbox 1049 3137 1089 3183; x_wconf 83' lang='lat' dir='ltr'><strong>ast</strong></span> <span class='ocrx_word' id='word_1_248' title='bbox 1107 3130 1236 3185; x_wconf 82' lang='lat' dir='ltr'><strong>Athen.ll</strong></span> <span class='ocrx_word' id='word_1_249' title='bbox 1253 3145 1279 3198; x_wconf 89' lang='lat' dir='ltr'><strong>p.</strong></span> <span class='ocrx_word' id='word_1_250' title='bbox 1293 3132 1368 3184; x_wconf 73' lang='lat'><strong>4530</strong></span> 
     </span>
    </p>
   </div>
   <div class='ocr_carea' id='block_1_7' title="bbox 339 3210 1368 3367">
    <p class='ocr_par' dir='ltr' id='par_1_7' title="bbox 339 3210 1368 3367">
     <span class='ocr_line' id='line_1_26' title="bbox 342 3210 1368 3288; baseline 0.003 -23"><span class='ocrx_word' id='word_1_251' title='bbox 342 3216 482 3277; x_wconf 77' lang='grc' dir='ltr'><strong><em>(Καλλίας)</em></strong></span> <span class='ocrx_word' id='word_1_252' title='bbox 503 3213 614 3279; x_wconf 73' lang='grc' dir='ltr'><strong><em>ἐποίησε</em></strong></span> <span class='ocrx_word' id='word_1_253' title='bbox 632 3210 682 3279; x_wconf 75' lang='grc' dir='ltr'><strong>τὴν</strong></span> <span class='ocrx_word' id='word_1_254' title='bbox 700 3215 876 3284; x_wconf 74' lang='grc' dir='ltr'><em>καλουμένην</em></span> <span class='ocrx_word' id='word_1_255' title='bbox 900 3210 1098 3288; x_wconf 74' lang='grc' dir='ltr'><strong><em>γραμματικὴν</em></strong></span> <span class='ocrx_word' id='word_1_256' title='bbox 1122 3217 1280 3286; x_wconf 71' lang='grc' dir='ltr'><strong><em>τραγῳδίαν</em></strong></span> <span class='ocrx_word' id='word_1_257' title='bbox 1298 3213 1368 3270; x_wconf 78' lang='grc' dir='ltr'><strong>οὕτω</strong></span> 
     </span>
     <span class='ocr_line' id='line_1_27' title="bbox 339 3290 1122 3367; baseline 0.008 -18"><span class='ocrx_word' id='word_1_258' title='bbox 339 3290 487 3364; x_wconf 75' lang='grc' dir='ltr'><strong><em>διατάξας,</em></strong></span> <span class='ocrx_word' id='word_1_259' title='bbox 505 3310 592 3362; x_wconf 84' lang='lat' dir='ltr'><strong>neque</strong></span> <span class='ocrx_word' id='word_1_260' title='bbox 611 3298 724 3365; x_wconf 85' lang='lat' dir='ltr'><strong>dispicio</strong></span> <span class='ocrx_word' id='word_1_261' title='bbox 744 3312 791 3351; x_wconf 91' lang='lat' dir='ltr'><strong>cur</strong></span> <span class='ocrx_word' id='word_1_262' title='bbox 807 3300 842 3350; x_wconf 88' lang='lat' dir='ltr'><strong>ita</strong></span> <span class='ocrx_word' id='word_1_263' title='bbox 860 3300 913 3351; x_wconf 86' lang='lat' dir='ltr'><strong>dici</strong></span> <span class='ocrx_word' id='word_1_264' title='bbox 932 3317 985 3352; x_wconf 91' lang='lat' dir='ltr'><strong>non</strong></span> <span class='ocrx_word' id='word_1_265' title='bbox 1003 3303 1122 3367; x_wconf 86' lang='lat' dir='ltr'><strong>potuerit.</strong></span> 
     </span>
    </p>
   </div>
   <div class='ocr_carea' id='block_1_8' title="bbox 237 3506 1372 3931">
    <p class='ocr_par' dir='ltr' id='par_1_8' title="bbox 237 3506 1372 3931">
     <span class='ocr_line' id='line_1_28' title="bbox 237 3506 1369 3579; baseline 0.008 -22"><span class='ocrx_word' id='word_1_266' title='bbox 237 3506 267 3558; x_wconf 93' lang='lat' dir='ltr'><strong>ln</strong></span> <span class='ocrx_word' id='word_1_267' title='bbox 281 3508 348 3563; x_wconf 86' lang='lat' dir='ltr'><strong>Pari.</strong></span> <span class='ocrx_word' id='word_1_268' title='bbox 362 3508 395 3560; x_wconf 91' lang='lat' dir='ltr'><strong>ttt</strong></span> <span class='ocrx_word' id='word_1_269' title='bbox 409 3525 435 3575; x_wconf 92' lang='lat' dir='ltr'><strong>p.</strong></span> <span class='ocrx_word' id='word_1_270' title='bbox 448 3511 482 3562; x_wconf 91' lang='grc'><strong>66</strong></span> <span class='ocrx_word' id='word_1_271' title='bbox 500 3511 677 3563; x_wconf 83' lang='lat' dir='ltr'><strong>coniecturam</strong></span> <span class='ocrx_word' id='word_1_272' title='bbox 696 3512 823 3577; x_wconf 85' lang='lat' dir='ltr'><strong>proposui</strong></span> <span class='ocrx_word' id='word_1_273' title='bbox 842 3510 876 3563; x_wconf 86' lang='lat' dir='ltr'><strong>dc</strong></span> <span class='ocrx_word' id='word_1_274' title='bbox 893 3511 954 3564; x_wconf 89' lang='lat' dir='ltr'><strong>loco</strong></span> <span class='ocrx_word' id='word_1_275' title='bbox 973 3528 1004 3564; x_wconf 83' lang='lat' dir='ltr'><strong>cx</strong></span> <span class='ocrx_word' id='word_1_276' title='bbox 1017 3512 1106 3566; x_wconf 88' lang='lat' dir='ltr'><strong>libello</strong></span> <span class='ocrx_word' id='word_1_277' title='bbox 1126 3512 1160 3564; x_wconf 89' lang='lat' dir='ltr'><strong>de</strong></span> <span class='ocrx_word' id='word_1_278' title='bbox 1173 3528 1262 3564; x_wconf 81' lang='lat' dir='ltr'><strong>amora</strong></span> <span class='ocrx_word' id='word_1_279' title='bbox 1279 3513 1369 3579; x_wconf 90' lang='lat' dir='ltr'><strong>prolis,</strong></span> 
     </span>
     <span class='ocr_line' id='line_1_29' title="bbox 342 3598 1370 3669; baseline 0.004 -20"><span class='ocrx_word' id='word_1_280' title='bbox 342 3599 386 3663; x_wconf 88' lang='lat' dir='ltr'><strong>qui</strong></span> <span class='ocrx_word' id='word_1_281' title='bbox 404 3598 469 3649; x_wconf 88' lang='lat' dir='ltr'><strong>mihi</strong></span> <span class='ocrx_word' id='word_1_282' title='bbox 488 3599 595 3663; x_wconf 89' lang='lat' dir='ltr'><strong>quidem</strong></span> <span class='ocrx_word' id='word_1_283' title='bbox 615 3616 668 3651; x_wconf 92' lang='lat' dir='ltr'><strong>non</strong></span> <span class='ocrx_word' id='word_1_284' title='bbox 689 3604 731 3650; x_wconf 89' lang='lat' dir='ltr'><strong>est</strong></span> <span class='ocrx_word' id='word_1_285' title='bbox 750 3598 930 3665; x_wconf 77' lang='lat' dir='ltr'><strong>l&#39;lutarcheus,</strong></span> <span class='ocrx_word' id='word_1_286' title='bbox 949 3615 974 3666; x_wconf 92' lang='lat' dir='ltr'><strong>p.</strong></span> <span class='ocrx_word' id='word_1_287' title='bbox 994 3599 1084 3665; x_wconf 80' lang='grc' dir='ltr'><strong><em>496ι,</em></strong></span> <span class='ocrx_word' id='word_1_288' title='bbox 1104 3601 1150 3655; x_wconf 90' lang='lat' dir='ltr'><strong>uhi</strong></span> <span class='ocrx_word' id='word_1_289' title='bbox 1168 3601 1266 3653; x_wconf 80' lang='lat' dir='ltr'><strong>lemine</strong></span> <span class='ocrx_word' id='word_1_290' title='bbox 1283 3606 1370 3669; x_wconf 91' lang='lat' dir='ltr'><strong>pariu-</strong></span> 
     </span>
     <span class='ocr_line' id='line_1_30' title="bbox 341 3679 1369 3757; baseline 0 -20"><span class='ocrx_word' id='word_1_291' title='bbox 341 3687 410 3737; x_wconf 87' lang='lat' dir='ltr'><strong>riens</strong></span> <span class='ocrx_word' id='word_1_292' title='bbox 435 3684 530 3736; x_wconf 89' lang='lat' dir='ltr'><strong>dicitur</strong></span> <span class='ocrx_word' id='word_1_293' title='bbox 561 3681 591 3738; x_wconf 84' lang='grc' dir='ltr'><strong>τό</strong></span> <span class='ocrx_word' id='word_1_294' title='bbox 614 3689 734 3753; x_wconf 87' lang='grc' dir='ltr'><strong><em>μῖγμα</em></strong></span> <span class='ocrx_word' id='word_1_295' title='bbox 763 3686 809 3749; x_wconf 82' lang='grc' dir='ltr'><strong><em>τῆς</em></strong></span> <span class='ocrx_word' id='word_1_296' title='bbox 834 3679 988 3752; x_wconf 75' lang='grc' dir='ltr'><strong><em>ἀλγηδόνος</em></strong></span> <span class='ocrx_word' id='word_1_297' title='bbox 1016 3680 1088 3753; x_wconf 87' lang='grc' dir='ltr'><strong><em>ὁμοῦ</em></strong></span> <span class='ocrx_word' id='word_1_298' title='bbox 1120 3682 1222 3757; x_wconf 87' lang='grc' dir='ltr'><strong><em>πικρὸν</em></strong></span> <span class='ocrx_word' id='word_1_299' title='bbox 1249 3688 1295 3739; x_wconf 81' lang='grc' dir='ltr'><strong><em>καὶ</em></strong></span> <span class='ocrx_word' id='word_1_300' title='bbox 1321 3682 1369 3746; x_wconf 85' lang='grc' dir='ltr'><strong>ὀξό</strong></span> 
     </span>
     <span class='ocr_line' id='line_1_31' title="bbox 341 3768 1371 3844; baseline 0.003 -18"><span class='ocrx_word' id='word_1_301' title='bbox 341 3769 497 3844; x_wconf 78' lang='grc' dir='ltr'><strong><em>γενόμενον</em></strong></span> <span class='ocrx_word' id='word_1_302' title='bbox 509 3774 539 3826; x_wconf 74' lang='grc' dir='ltr'><strong>ἐν</strong></span> <span class='ocrx_word' id='word_1_303' title='bbox 558 3778 614 3832; x_wconf 76' lang='grc' dir='ltr'><strong><em>τοῖς</em></strong></span> <span class='ocrx_word' id='word_1_304' title='bbox 630 3768 802 3843; x_wconf 77' lang='grc' dir='ltr'><strong><em>σπλάγχνοις</em></strong></span> <span class='ocrx_word' id='word_1_305' title='bbox 820 3772 930 3842; x_wconf 75' lang='grc' dir='ltr'><strong><em>ἔχουσα.</em></strong></span> <span class='ocrx_word' id='word_1_306' title='bbox 964 3772 1056 3826; x_wconf 83' lang='lat' dir='ltr'><strong>Mirum</strong></span> <span class='ocrx_word' id='word_1_307' title='bbox 1075 3789 1138 3825; x_wconf 85' lang='lat' dir='ltr'><strong>sanc</strong></span> <span class='ocrx_word' id='word_1_308' title='bbox 1154 3774 1260 3829; x_wconf 87' lang='lat' dir='ltr'><strong>dicendi</strong></span> <span class='ocrx_word' id='word_1_309' title='bbox 1277 3790 1371 3841; x_wconf 71' lang='lat' dir='ltr'><strong>genus,</strong></span> 
     </span>
     <span class='ocr_line' id='line_1_32' title="bbox 342 3857 1372 3931; baseline -0.001 -17"><span class='ocrx_word' id='word_1_310' title='bbox 342 3880 395 3914; x_wconf 92' lang='lat' dir='ltr'><strong>non</strong></span> <span class='ocrx_word' id='word_1_311' title='bbox 416 3868 506 3914; x_wconf 77' lang='lat' dir='ltr'><strong>tannen</strong></span> <span class='ocrx_word' id='word_1_312' title='bbox 531 3866 560 3912; x_wconf 89' lang='lat' dir='ltr'><strong>ut</strong></span> <span class='ocrx_word' id='word_1_313' title='bbox 582 3876 629 3927; x_wconf 89' lang='lat' dir='ltr'><strong>pro</strong></span> <span class='ocrx_word' id='word_1_314' title='bbox 648 3864 769 3926; x_wconf 86' lang='lat' dir='ltr'><strong>corrupto</strong></span> <span class='ocrx_word' id='word_1_315' title='bbox 793 3857 946 3913; x_wconf 76' lang='lat' dir='ltr'><strong>habendum</strong></span> <span class='ocrx_word' id='word_1_316' title='bbox 971 3860 1018 3924; x_wconf 86' lang='lat' dir='ltr'><strong>sit,</strong></span> <span class='ocrx_word' id='word_1_317' title='bbox 1045 3859 1150 3912; x_wconf 90' lang='lat' dir='ltr'><strong>simodo</strong></span> <span class='ocrx_word' id='word_1_318' title='bbox 1172 3866 1267 3931; x_wconf 87' lang='grc' dir='ltr'><strong><em>μῖγμα</em></strong></span> <span class='ocrx_word' id='word_1_319' title='bbox 1293 3861 1372 3913; x_wconf 81' lang='lat' dir='ltr'><strong>edilni</strong></span> 
     </span>
    </p>
   </div>
   <div class='ocr_carea' id='block_1_9' title="bbox 343 3949 1399 4809">
    <p class='ocr_par' dir='ltr' id='par_1_9' title="bbox 343 3949 1399 4809">
     <span class='ocr_line' id='line_1_33' title="bbox 344 3949 1373 4020; baseline -0.002 -17"><span class='ocrx_word' id='word_1_320' title='bbox 344 3967 425 4003; x_wconf 87' lang='lat' dir='ltr'><strong>sensu</strong></span> <span class='ocrx_word' id='word_1_321' title='bbox 449 3949 548 4002; x_wconf 90' lang='lat' dir='ltr'><strong>dictum</strong></span> <span class='ocrx_word' id='word_1_322' title='bbox 575 3954 693 4001; x_wconf 86' lang='lat' dir='ltr'><strong>sumatur</strong></span> <span class='ocrx_word' id='word_1_323' title='bbox 716 3961 770 4013; x_wconf 85' lang='lat' dir='ltr'><strong>quo</strong></span> <span class='ocrx_word' id='word_1_324' title='bbox 794 3949 903 4001; x_wconf 85' lang='lat' dir='ltr'><strong>verbnm</strong></span> <span class='ocrx_word' id='word_1_325' title='bbox 923 3954 1045 4020; x_wconf 83' lang='grc' dir='ltr'><strong><em>μίγνομι</em></strong></span> <span class='ocrx_word' id='word_1_326' title='bbox 1070 3957 1097 4001; x_wconf 88' lang='lat' dir='ltr'><strong>et</strong></span> <span class='ocrx_word' id='word_1_327' title='bbox 1121 3954 1279 4019; x_wconf 76' lang='grc' dir='ltr'><strong><em>μίγνυσθαι</em></strong></span> <span class='ocrx_word' id='word_1_328' title='bbox 1302 3952 1373 4018; x_wconf 87' lang='lat' dir='ltr'><strong>apud</strong></span> 
     </span>
     <span class='ocr_line' id='line_1_34' title="bbox 344 4034 1371 4104; baseline -0.002 -14"><span class='ocrx_word' id='word_1_329' title='bbox 344 4038 487 4090; x_wconf 85' lang='lat' dir='ltr'><strong>Homerum</strong></span> <span class='ocrx_word' id='word_1_330' title='bbox 512 4036 633 4103; x_wconf 84' lang='lat' dir='ltr'><strong>aliosque</strong></span> <span class='ocrx_word' id='word_1_331' title='bbox 656 4042 748 4103; x_wconf 88' lang='lat' dir='ltr'><strong>poetas</strong></span> <span class='ocrx_word' id='word_1_332' title='bbox 774 4037 808 4088; x_wconf 94' lang='lat' dir='ltr'><strong>de</strong></span> <span class='ocrx_word' id='word_1_333' title='bbox 833 4036 1022 4103; x_wconf 87' lang='lat' dir='ltr'><strong>proeliantibus</strong></span> <span class='ocrx_word' id='word_1_334' title='bbox 1044 4042 1191 4104; x_wconf 87' lang='lat' dir='ltr'><strong>usurpetur.</strong></span> <span class='ocrx_word' id='word_1_335' title='bbox 1234 4034 1371 4102; x_wconf 76' lang='lat' dir='ltr'><strong>conparari</strong></span> 
     </span>
     <span class='ocr_line' id='line_1_35' title="bbox 344 4122 1373 4192; baseline -0.004 -15"><span class='ocrx_word' id='word_1_336' title='bbox 344 4130 431 4191; x_wconf 83' lang='lat' dir='ltr'><strong>potest</strong></span> <span class='ocrx_word' id='word_1_337' title='bbox 446 4122 572 4192; x_wconf 79' lang='lat' dir='ltr'><strong>Ps.-Plut.</strong></span> <span class='ocrx_word' id='word_1_338' title='bbox 589 4122 623 4174; x_wconf 86' lang='lat' dir='ltr'><strong>de</strong></span> <span class='ocrx_word' id='word_1_339' title='bbox 641 4124 699 4176; x_wconf 88' lang='lat' dir='ltr'><strong>lori.</strong></span> <span class='ocrx_word' id='word_1_340' title='bbox 714 4123 786 4175; x_wconf 80' lang='lat' dir='ltr'><strong>Alex.</strong></span> <span class='ocrx_word' id='word_1_341' title='bbox 804 4139 830 4189; x_wconf 92' lang='lat' dir='ltr'><strong>p.</strong></span> <span class='ocrx_word' id='word_1_342' title='bbox 843 4123 931 4189; x_wconf 82' lang='grc'><strong>3441,</strong></span> <span class='ocrx_word' id='word_1_343' title='bbox 949 4125 994 4178; x_wconf 88' lang='lat' dir='ltr'><strong>ubl</strong></span> <span class='ocrx_word' id='word_1_344' title='bbox 1013 4123 1159 4176; x_wconf 78' lang='lat' dir='ltr'><strong>Alexander</strong></span> <span class='ocrx_word' id='word_1_345' title='bbox 1179 4124 1251 4188; x_wconf 71' lang='lat' dir='ltr'><strong>gravi</strong></span> <span class='ocrx_word' id='word_1_346' title='bbox 1266 4122 1373 4175; x_wconf 84' lang='lat' dir='ltr'><strong>vulnere</strong></span> 
     </span>
     <span class='ocr_line' id='line_1_36' title="bbox 345 4207 1373 4282; baseline -0.001 -19"><span class='ocrx_word' id='word_1_347' title='bbox 345 4212 467 4265; x_wconf 87' lang='lat' dir='ltr'><strong>adlliclus</strong></span> <span class='ocrx_word' id='word_1_348' title='bbox 486 4212 581 4263; x_wconf 87' lang='lat' dir='ltr'><strong>dicitur</strong></span> <span class='ocrx_word' id='word_1_349' title='bbox 597 4208 646 4265; x_wconf 80' lang='grc' dir='ltr'><strong>τόν</strong></span> <span class='ocrx_word' id='word_1_350' title='bbox 663 4207 791 4282; x_wconf 77' lang='grc' dir='ltr'><strong><em>πόλεμον</em></strong></span> <span class='ocrx_word' id='word_1_351' title='bbox 808 4212 838 4264; x_wconf 69' lang='grc' dir='ltr'><strong>ἐν</strong></span> <span class='ocrx_word' id='word_1_352' title='bbox 857 4217 913 4272; x_wconf 85' lang='grc' dir='ltr'><strong><em>τοῖς</em></strong></span> <span class='ocrx_word' id='word_1_353' title='bbox 931 4207 1102 4282; x_wconf 82' lang='grc' dir='ltr'><strong><em>σπλάγχνοις</em></strong></span> <span class='ocrx_word' id='word_1_354' title='bbox 1120 4212 1198 4281; x_wconf 81' lang='grc' dir='ltr'><strong><em>ἔχων.</em></strong></span> <span class='ocrx_word' id='word_1_355' title='bbox 1218 4210 1276 4263; x_wconf 83' lang='lat' dir='ltr'><strong>Non</strong></span> <span class='ocrx_word' id='word_1_356' title='bbox 1296 4210 1373 4263; x_wconf 86' lang='lat' dir='ltr'><strong>dissi-</strong></span> 
     </span>
     <span class='ocr_line' id='line_1_37' title="bbox 345 4296 1372 4374; baseline 0.001 -21"><span class='ocrx_word' id='word_1_357' title='bbox 345 4300 407 4353; x_wconf 89' lang='lat' dir='ltr'><strong>mile</strong></span> <span class='ocrx_word' id='word_1_358' title='bbox 426 4306 467 4353; x_wconf 84' lang='lat' dir='ltr'><strong>esi</strong></span> <span class='ocrx_word' id='word_1_359' title='bbox 484 4301 574 4354; x_wconf 85' lang='lat' dir='ltr'><strong>loann.</strong></span> <span class='ocrx_word' id='word_1_360' title='bbox 590 4299 681 4371; x_wconf 76' lang='lat' dir='ltr'><strong>Chrys.</strong></span> <span class='ocrx_word' id='word_1_361' title='bbox 695 4302 727 4352; x_wconf 77' lang='lat' dir='ltr'><strong>sd</strong></span> <span class='ocrx_word' id='word_1_362' title='bbox 748 4302 802 4356; x_wconf 90' lang='lat' dir='ltr'><strong>vid.</strong></span> <span class='ocrx_word' id='word_1_363' title='bbox 821 4302 876 4357; x_wconf 91' lang='lat' dir='ltr'><strong>iun.</strong></span> <span class='ocrx_word' id='word_1_364' title='bbox 894 4317 920 4368; x_wconf 91' lang='lat' dir='ltr'><strong>p.</strong></span> <span class='ocrx_word' id='word_1_365' title='bbox 936 4303 995 4367; x_wconf 85' lang='grc'><strong><em>136,</em></strong></span> <span class='ocrx_word' id='word_1_366' title='bbox 1014 4302 1046 4353; x_wconf 86' lang='grc'><strong>43</strong></span> <span class='ocrx_word' id='word_1_367' title='bbox 1065 4304 1112 4367; x_wconf 77' lang='grc' dir='ltr'><strong><em>τῆς</em></strong></span> <span class='ocrx_word' id='word_1_368' title='bbox 1129 4296 1228 4367; x_wconf 85' lang='grc' dir='ltr'><strong><em>ὀδύνης</em></strong></span> <span class='ocrx_word' id='word_1_369' title='bbox 1244 4303 1372 4374; x_wconf 83' lang='grc' dir='ltr'><strong><em>σφοδρο-</em></strong></span> 
     </span>
     <span class='ocr_line' id='line_1_38' title="bbox 345 4380 1371 4458; baseline -0.001 -21"><span class='ocrx_word' id='word_1_370' title='bbox 345 4387 427 4458; x_wconf 73' lang='grc' dir='ltr'><strong><em>τέραν</em></strong></span> <span class='ocrx_word' id='word_1_371' title='bbox 450 4381 500 4450; x_wconf 78' lang='grc' dir='ltr'><strong>τὴν</strong></span> <span class='ocrx_word' id='word_1_372' title='bbox 523 4380 616 4453; x_wconf 91' lang='grc' dir='ltr'><strong><em>φλόγα</em></strong></span> <span class='ocrx_word' id='word_1_373' title='bbox 635 4380 823 4458; x_wconf 73' lang='grc' dir='ltr'><strong><em>ἐργάσασθαι,</em></strong></span> <span class='ocrx_word' id='word_1_374' title='bbox 852 4387 949 4452; x_wconf 89' lang='lat' dir='ltr'><strong>quibus</strong></span> <span class='ocrx_word' id='word_1_375' title='bbox 970 4385 1076 4437; x_wconf 82' lang='lat' dir='ltr'><strong>confero</strong></span> <span class='ocrx_word' id='word_1_376' title='bbox 1095 4384 1188 4439; x_wconf 69' lang='lat' dir='ltr'><strong>achill.</strong></span> <span class='ocrx_word' id='word_1_377' title='bbox 1211 4386 1266 4437; x_wconf 80' lang='lat' dir='ltr'><strong>Tar.</strong></span> <span class='ocrx_word' id='word_1_378' title='bbox 1287 4386 1337 4452; x_wconf 89' lang='lat' dir='ltr'><strong>tv,</strong></span> <span class='ocrx_word' id='word_1_379' title='bbox 1357 4388 1371 4436; x_wconf 80' lang='lat' dir='ltr'><strong>‘l</strong></span> 
     </span>
     <span class='ocr_line' id='line_1_39' title="bbox 346 4470 1374 4546; baseline 0.003 -20"><span class='ocrx_word' id='word_1_380' title='bbox 346 4491 371 4541; x_wconf 93' lang='lat' dir='ltr'><strong>p.</strong></span> <span class='ocrx_word' id='word_1_381' title='bbox 396 4475 460 4539; x_wconf 86' lang='grc'><strong><em>116,</em></strong></span> <span class='ocrx_word' id='word_1_382' title='bbox 484 4472 540 4527; x_wconf 87' lang='grc' dir='ltr'><strong>3Η.</strong></span> <span class='ocrx_word' id='word_1_383' title='bbox 561 4474 607 4527; x_wconf 75' lang='grc' dir='ltr'><strong>ἐπὶ</strong></span> <span class='ocrx_word' id='word_1_384' title='bbox 626 4470 751 4544; x_wconf 76' lang='grc' dir='ltr'><strong><em>πόλεμον</em></strong></span> <span class='ocrx_word' id='word_1_385' title='bbox 774 4479 826 4529; x_wconf 88' lang='grc' dir='ltr'><strong>νῦν</strong></span> <span class='ocrx_word' id='word_1_386' title='bbox 847 4471 1025 4545; x_wconf 62' lang='lat' dir='ltr'><strong>licissimum</strong></span> <span class='ocrx_word' id='word_1_387' title='bbox 1042 4470 1199 4542; x_wconf 78' lang='grc' dir='ltr'><strong><em>βουκόλων·</em></strong></span> <span class='ocrx_word' id='word_1_388' title='bbox 1217 4476 1300 4531; x_wconf 78' lang='grc' dir='ltr'><strong><em>ἔνδον</em></strong></span> <span class='ocrx_word' id='word_1_389' title='bbox 1316 4496 1374 4546; x_wconf 83' lang='grc' dir='ltr'><strong>μου</strong></span> 
     </span>
     <span class='ocr_line' id='line_1_40' title="bbox 344 4557 1399 4637; baseline 0.004 -20"><span class='ocrx_word' id='word_1_390' title='bbox 344 4566 389 4631; x_wconf 77' lang='grc' dir='ltr'><strong><em>τῆς</em></strong></span> <span class='ocrx_word' id='word_1_391' title='bbox 405 4564 499 4632; x_wconf 80' lang='grc' dir='ltr'><strong><em>ψυχῆς</em></strong></span> <span class='ocrx_word' id='word_1_392' title='bbox 516 4557 599 4624; x_wconf 86' lang='grc' dir='ltr'><strong><em>άλλος</em></strong></span> <span class='ocrx_word' id='word_1_393' title='bbox 616 4562 747 4635; x_wconf 83' lang='grc' dir='ltr'><strong><em>πόλεμος,</em></strong></span> <span class='ocrx_word' id='word_1_394' title='bbox 768 4571 793 4618; x_wconf 86' lang='lat' dir='ltr'><strong>at</strong></span> <span class='ocrx_word' id='word_1_395' title='bbox 810 4565 898 4618; x_wconf 82' lang='lat' dir='ltr'><strong>loenu.</strong></span> <span class='ocrx_word' id='word_1_396' title='bbox 918 4563 1052 4634; x_wconf 75' lang='lat' dir='ltr'><strong>Chrysost.</strong></span> <span class='ocrx_word' id='word_1_397' title='bbox 1070 4582 1096 4634; x_wconf 89' lang='lat' dir='ltr'><strong>p.</strong></span> <span class='ocrx_word' id='word_1_398' title='bbox 1116 4565 1181 4631; x_wconf 90' lang='grc'><strong><em>336,</em></strong></span> <span class='ocrx_word' id='word_1_399' title='bbox 1200 4567 1233 4618; x_wconf 87' lang='grc'><strong>49</strong></span> <span class='ocrx_word' id='word_1_400' title='bbox 1251 4560 1374 4637; x_wconf 83' lang='grc' dir='ltr'><strong><em>πόλεμος</em></strong></span> <span class='ocrx_word' id='word_1_401' title='bbox 1397 4592 1399 4599; x_wconf 94' lang='grc'><strong><em>·</em></strong></span> 
     </span>
     <span class='ocr_line' id='line_1_41' title="bbox 344 4646 1373 4722; baseline 0.003 -21"><span class='ocrx_word' id='word_1_402' title='bbox 344 4652 400 4703; x_wconf 80' lang='grc' dir='ltr'><strong>τῶν</strong></span> <span class='ocrx_word' id='word_1_403' title='bbox 424 4652 527 4702; x_wconf 72' lang='grc' dir='ltr'><strong><em>παθῶν</em></strong></span> <span class='ocrx_word' id='word_1_404' title='bbox 550 4652 597 4701; x_wconf 81' lang='grc' dir='ltr'><strong><em>καλ</em></strong></span> <span class='ocrx_word' id='word_1_405' title='bbox 618 4646 728 4719; x_wconf 82' lang='grc' dir='ltr'><strong><em>χειμών</em></strong></span> <span class='ocrx_word' id='word_1_406' title='bbox 752 4646 870 4716; x_wconf 77' lang='grc' dir='ltr'><strong><em>κάθηται</em></strong></span> <span class='ocrx_word' id='word_1_407' title='bbox 894 4651 951 4703; x_wconf 74' lang='grc' dir='ltr'><strong><em>τοῖν</em></strong></span> <span class='ocrx_word' id='word_1_408' title='bbox 975 4646 1087 4705; x_wconf 85' lang='grc' dir='ltr'><strong><em>άιόπων</em></strong></span> <span class='ocrx_word' id='word_1_409' title='bbox 1111 4654 1268 4722; x_wconf 80' lang='grc' dir='ltr'><strong><em>λογισμῶν,-</em></strong></span> <span class='ocrx_word' id='word_1_410' title='bbox 1300 4652 1373 4704; x_wconf 83' lang='lat' dir='ltr'><strong>simi·</strong></span> 
     </span>
     <span class='ocr_line' id='line_1_42' title="bbox 343 4729 1374 4809; baseline 0.008 -24"><span class='ocrx_word' id='word_1_411' title='bbox 343 4732 403 4785; x_wconf 86' lang='lat' dir='ltr'><strong>liter</strong></span> <span class='ocrx_word' id='word_1_412' title='bbox 420 4729 475 4785; x_wconf 82' lang='grc' dir='ltr'><strong>ὑπὸ</strong></span> <span class='ocrx_word' id='word_1_413' title='bbox 488 4729 574 4789; x_wconf 85' lang='grc' dir='ltr'><strong><em>νόσου</em></strong></span> <span class='ocrx_word' id='word_1_414' title='bbox 593 4737 806 4809; x_wconf 77' lang='grc' dir='ltr'><strong><em>πολιορκεῖσθαι</em></strong></span> <span class='ocrx_word' id='word_1_415' title='bbox 824 4734 888 4788; x_wconf 78' lang='lat' dir='ltr'><strong>dixit</strong></span> <span class='ocrx_word' id='word_1_416' title='bbox 899 4734 992 4790; x_wconf 88' lang='lat' dir='ltr'><strong>isidor.</strong></span> <span class='ocrx_word' id='word_1_417' title='bbox 1011 4735 1099 4791; x_wconf 89' lang='lat' dir='ltr'><strong>Pelus.</strong></span> <span class='ocrx_word' id='word_1_418' title='bbox 1119 4736 1164 4803; x_wconf 88' lang='lat' dir='ltr'><strong>tv,</strong></span> <span class='ocrx_word' id='word_1_419' title='bbox 1187 4739 1236 4791; x_wconf 82' lang='lat'><strong>118</strong></span> <span class='ocrx_word' id='word_1_420' title='bbox 1252 4753 1279 4806; x_wconf 88' lang='lat' dir='ltr'><strong>p.</strong></span> <span class='ocrx_word' id='word_1_421' title='bbox 1299 4740 1374 4793; x_wconf 82' lang='grc'><strong><em>1181)</em></strong></span> 
     </span>
    </p>
   </div>
   <div class='ocr_carea' id='block_1_10' title="bbox 0 0 1871 5625">
    <p class='ocr_par' dir='ltr' id='par_1_10' title="bbox 0 0 1871 5625">
     <span class='ocr_line' id='line_1_43' title="bbox 0 0 1871 5625; baseline 0 0"><span class='ocrx_word' id='word_1_422' title='bbox 0 0 1871 5625; x_wconf 95' lang='lat' dir='ltr'><strong> </strong></span> 
     </span>
    </p>
   </div>
  </div>
 </body>
</html>
