3700 5625
906 579 1120 644 -245‘-

452 737 684 806 emendandum
720 737 789 806 dixi
820 733 959 827 ιίίοπορ
994 737 1227 826 caprinove
1259 739 1301 806 ἐν
1330 736 1461 829 οίιιία,
1490 741 1581 810 erana

451 841 682 910 emandationis
707 863 757 908 me
778 841 911 925 posthac
938 842 1131 924 paenituisse
1161 842 1309 932 (Quaeat
1327 844 1409 912 Plut.
1430 845 1464 910 Π
1484 867 1514 928 p.
1537 847 1578 934 6)

452 948 547 1014 hodie
580 948 633 1014 rix
668 947 749 1014 mihi
783 946 962 1013 condonare
991 967 1127 1029 possum
1184 946 1302 1014 Verum
1328 949 1423 1015 hrriua
1451 950 1579 1034 quidem

453 1053 606 1118 maeroris
628 1051 832 1116 utilissimum
854 1056 921 1117 esto
939 1052 1091 1118 solacium
1112 1053 1253 1135 priscum
1273 1054 1355 1120 illud
1372 1053 1577 1143 γηράσκο-

450 1180 524 1240 μιν
555 1152 640 1222 ciet
670 1153 814 1220 πολλὰ
842 1151 1170 1236 διδασκόμενοι,
1207 1155 1292 1238 quod
1320 1157 1375 1242 qui
1399 1178 1451 1223 me
1479 1159 1579 1242 magis

375 1276 380 1280 “
451 1260 627 1328 admiretur
646 1260 769 1343 sibique
790 1259 853 1342 ipsi
872 1259 1026 1341 scriptum
1046 1259 1293 1345 dictitatumquc
1315 1262 1465 1343 opinetur
1486 1283 1578 1340 nemo
1654 1299 1660 1307 ·

451 1376 507 1436 est.
548 1370 672 1453 Quippe
705 1365 865 1457 σάρωμα,
894 1369 1118 1436 convenienter
1145 1370 1265 1455 regulis
1287 1370 1471 1449 romaum,
1501 1354 1576 1436 satis

426 1534 429 1541 ,
451 1477 598 1544 tutantur
618 1477 652 1538 et
669 1470 794 1538 erudita
815 1471 1016 1555 grammatici
1026 1469 1165 1538 Beklreri
1189 1472 1293 1557 glossa
1313 1473 1434 1555 etipse
1458 1474 1577 1556 opinor,

450 1577 607 1661 siquidem
640 1581 726 1642 recte
768 1575 953 1642 emendatus
990 1582 1052 1656 est,
1080 1576 1260 1642 Aristotelis
1290 1577 1393 1658 locua3
1424 1600 1461 1644 ac
1498 1579 1579 1645 nihil

451 1702 582 1765 prorsus
603 1687 653 1748 est
674 1683 709 1746 in
726 1681 881 1768 vocalium
902 1703 1057 1748 concursu
1073 1683 1157 1761 vitii,
1178 1682 1271 1766 quod,
1292 1689 1329 1748 nt
1341 1682 1379 1748 fit
1398 1683 1484 1749 inter
1503 1685 1581 1751 duas

451 1783 562 1850 breues
584 1782 678 1850 facile
700 1773 928 1862 coalescentes,
958 1783 1194 1866 pronuntiando
1224 1791 1436 1867 compensatur
1461 1787 1575 1869 plenia·

450 1889 538 1956 sime.
589 1888 736 1954 Advertit
774 1886 834 1952 hoc
867 1887 1053 1954 Eduardum
1091 1888 1244 1954 Rasmum
1274 1888 1577 1968 Francoiurtensem

452 1995 540 2060 cuius
562 1993 707 2077 perutilis
738 1991 777 2058 de
800 1991 922 2075 aliquot
951 1991 1066 2056 horum
1086 1991 1241 2059 librorum
1262 1991 1341 2056 locis
1363 1997 1451 2058 extat
1471 1991 1577 2076 dispu-

449 2101 529 2166 tatio
552 2099 852 2167 editaibancosmti
872 2119 920 2164 ao.
939 2103 1028 2177 1863,
1050 2104 1087 2164 ut
1100 2120 1158 2181 pro
1171 2121 1217 2178 eo,
1238 2099 1324 2183 quod
1348 2120 1408 2184 ego
1429 2101 1463 2164 in
1477 2100 1578 2166 altera

449 2207 564 2274 harum
575 2207 796 2292 quaestionum
815 2206 974 2288 particula
992 2205 1136 2290 argutius
1155 2227 1252 2290 quam
1266 2206 1371 2271 verius
1381 2207 1580 2290 periclitatus

450 2329 537 2376 eram
563 2303 947 2397 &obcoecationem
968 2304 1157 2396 κοιλία*)
1185 2310 1234 2395 τῇ
1256 2310 1368 2396 ψὐχῇ
1388 2310 1448 2374 τοῦ
1470 2332 1581 2397 comeo

449 2413 492 2482 τὰ
510 2417 567 2503 τῆς
587 2409 708 2501 ἡδονῆς
730 2409 940 2495 ἐκκλύσματα
968 2411 1079 2494 μένειν
1101 2411 1219 2490 ἐῶντες
1252 2413 1336 2492 acl„
1369 2414 1508 2480 scribere
1530 2416 1577 2480 in-

449 2520 596 2586 stitueret
622 2514 738 2606 ὥσπερ
759 2513 956 2605 clippiaco
971 2515 1014 2582 ria
1037 2514 1128 2606 οίνία
1148 2520 1189 2606 τῇ
1209 2521 1312 2609 ψυχῇ,
1332 2518 1418 2602 quod
1438 2522 1583 2604 quamvis

450 2643 509 2709 per
531 2645 565 2691 se
587 2623 674 2690 haud
695 2623 803 2706 inepte
825 2623 901 2704 poni
922 2622 1063 2706 potuisse
1086 2643 1150 2688 non
1172 2623 1367 2707 negaverim,
1390 2629 1498 2690 tamen
1519 2623 1576 2690 ali·

450 2734 569 2817 quanto
588 2728 714 2815 longius
733 2726 832 2792 distat
852 2748 873 2792 a
892 2726 1073 2792 litterarum
1090 2725 1246 2810 vestigiis,
1269 2721 1383 2810 quibus
1402 2732 1511 2794 tamen
1527 2729 1575 2792 in·

452 2832 661 2921 gradiendum
681 2836 741 2911 est,
763 2852 860 2917 quam
881 2827 1127 2921 σαραίμανα,
1151 2837 1188 2898 ut
1208 2831 1235 2897 si
1256 2832 1369 2897 horum
1390 2833 1579 2908 alterutrum

452 2939 626 3025 optandum
645 2938 702 3017 sit,
724 2938 819 3021 plane
841 2958 905 3003 noa
926 2937 1046 3023 ambigi
1067 2957 1160 3021 posse
1181 2936 1334 3003 videatur.

538 3041 601 3109 Sed
629 3040 779 3107 admonet
806 3062 856 3107 me
886 3040 968 3107 haec
993 3040 1223 3123 Epicureorum
1249 3040 1393 3108 luxuriae
1421 3042 1581 3108 cavillatio

450 3146 532 3212 alius
554 3142 719 3209 cruendam
740 3141 803 3207 loci
830 3140 1104 3226 Symposiacorum
1125 3142 1188 3221 111,
1211 3148 1244 3220 6,
1264 3150 1284 3209 4
1305 3164 1336 3225 p.
1358 3144 1459 3210 asad
1480 3141 1519 3209 τὰ
1542 3145 1580 3211 δὲ

451 3244 617 3337 μακάριον
639 3244 695 3311 καί
717 3227 898 3333 ίίφθαρτον
917 3240 1002 3309 toro
1023 3244 1084 3328 μὲν
1102 3235 1174 3311 οἷον
1190 3239 1281 3333 αὐτῷ
1295 3242 1515 3334 (Ἐπικούρῳ)
1532 3246 1580 3334 μὴ

449 3350 627 3443 φροντίζον
656 3352 716 3439 (ita
736 3356 823 3417 recte
845 3349 1033 3416 Ducbnerus
1061 3371 1120 3433 pro
1142 3350 1255 3415 vitioso
1289 3350 1492 3436 φροντίζειν)
1516 3354 1582 3416 τῶν

459 3451 538 3522 καθ’
559 3452 664 3545 ἡμᾶς·
690 3449 825 3543 ἡμῖνδὲ
851 3456 905 3541 τῷ
934 3449 1046 3541 νόμῳ
1066 3449 1236 3531 πόλεως
1268 3442 1311 3519 εὖ
1341 3447 1582 3536 ἑπομένοις

527 3670 553 3736 *l
582 3672 720 3739 Perpetem
749 3690 792 3726 me
816 3688 875 3727 mea
898 3676 1011 3727 tortasse
1036 3676 1112 3741 culpa
1139 3676 1263 3728 intellexit
1289 3676 1403 3729 litamus
1427 3677 1444 3730 1.
1467 3678 1483 3731 Ι.
1509 3694 1534 3745 p.
1554 3681 1581 3741 4,

454 3762 530 3827 quael
547 3761 579 3814 lv
600 3766 660 3813 anie
677 3764 709 3834 τῇ
726 3767 803 3835 ψυχῇ
821 3763 902 3830 repeti
924 3765 1046 3831 poluisse
1064 3764 1266 3831 contenderem,
1290 3764 1333 3816 vel
1350 3768 1537 3817 convenienter
1553 3768 1582 3818 id

433 3852 595 3917 ‚quisquam
613 3849 669 3901 aeri
686 3865 766 3917 posse
785 3852 946 3905 contendere
963 3858 1056 3917 posset
1074 3851 1116 3903 vel
1130 3851 1443 3917 deniqucunumtantum
1458 3852 1583 3919 alteram-

449 3955 483 3991 ve
491 3940 549 3997 cias
560 3938 717 3993 insolentiae
725 3940 877 4005 reperiretur
888 3939 1045 4005 exemplum.
1062 3938 1257 3991 Locutuseram
1269 3941 1302 3991 de
1317 3940 1437 3991 sollemni
1445 3956 1475 3993 ac
1486 3942 1583 3994 decan-

448 4032 502 4097 tata
521 4042 591 4079 nunc
606 4041 691 4095 paene
708 4027 930 4092 praepositionum
948 4027 973 4077 in
990 4026 1156 4080 brevioribus
1174 4027 1404 4094 cooperationibus
1425 4029 1582 4093 omissione,

450 4126 502 4177 qua
521 4112 554 4161 de
575 4127 602 4162 re
621 4110 683 4176 quid
702 4110 867 4161 statuendum
885 4111 933 4176 sit,
953 4117 1014 4177 post
1033 4126 1065 4161 ea
1084 4124 1153 4176 quae
1170 4107 1373 4177 Cobet(linem.
1395 4112 1460 4163 1858
1482 4127 1507 4177 p.
1521 4113 1582 4164 326.

452 4198 518 4251 tate
539 4212 567 4265 p.
588 4198 656 4259 289)
684 4197 830 4249 identidem
852 4198 986 4251 adnotavit
1010 4199 1106 4264 aliique
1124 4203 1184 4251 ante
1204 4214 1263 4250 eum
1285 4199 1388 4265 plurimi
1410 4200 1528 4261 (Dervill.
1546 4200 1582 4251 ad

450 4284 544 4340 charit.
562 4300 588 4354 p.
610 4287 660 4341 283
680 4282 730 4350 1.),
749 4284 822 4337 auia
837 4298 946 4351 prorsus
965 4285 1046 4339 bodie
1063 4293 1150 4353 potest
1167 4303 1229 4339 ease
1246 4288 1382 4341 dubitatio.
1410 4286 1478 4340 illud
1493 4296 1584 4342 teme·

451 4374 526 4429 haud
543 4376 623 4431 dubie
642 4376 789 4433 rectissime
807 4377 908 4429 monuit
919 4375 1042 4441 Resmue,
1060 4376 1159 4429 nullam
1175 4376 1260 4428 inim
1277 4391 1395 4441 causam,
1413 4391 1460 4428 eur
1477 4384 1586 4445 propter

450 4462 550 4519 hiatum
574 4462 754 4519 secluderetur
777 4464 938 4531 praepositio
963 4463 993 4517 la
1015 4469 1076 4530 post
1094 4459 1255 4537 σαρώμαια.
1301 4461 1354 4514 Sed
1381 4478 1442 4515 cum
1467 4466 1583 4531 primum

349 4569 351 4573 ’
450 4559 505 4607 lum
523 4553 659 4619 ingressus
679 4568 766 4605 essem
794 4555 819 4605 in
840 4553 968 4607 lubricam
988 4555 1023 4605 de
1038 4552 1125 4605 hiatus
1143 4554 1249 4606 vicibus
1275 4554 1300 4604 in
1319 4552 1450 4605 Plutarchi
1477 4556 1584 4621 scriptis

450 4635 593 4695 moralibus
612 4637 773 4702 doctrinam,
801 4644 892 4704 utpote
914 4638 941 4690 in
964 4638 1031 4691 locis
1054 4639 1120 4692 aviis
1142 4637 1308 4703 occultisque
1326 4638 1442 4690 timidior
1458 4638 1583 4693 volebam

449 4723 532 4777 videri
550 4738 629 4791 quarn
646 4736 738 4791 parum
757 4730 857 4776 cantra
