3700 5625
763 645 979 712 ..53-

292 807 335 876 de
355 808 417 876 hae
437 829 474 878 re
494 809 683 895 explicatius
703 809 783 876 ahbi
804 810 1097 878 commentabimnr.
1133 811 1225 878 Nunc
1246 814 1429 897 exemplum

293 927 449 990 promam
491 909 543 974 Ita
570 909 698 994 quando
720 914 870 993 soporata
889 931 969 993 opus
991 912 1053 1002 erit
1074 911 1149 992 offa,
1172 913 1199 977 si
1218 915 1335 982 iustam
1355 917 1427 1000 quis

294 1035 486 1100 cognoscere
506 1016 585 1082 velit
613 1015 833 1083 medicaminis
854 1019 1040 1096 dilutionem,
1064 1040 1104 1084 ne
1133 1026 1280 1105 aegrotus
1302 1023 1425 1090 scilicet

290 1122 388 1183 acuta
407 1139 504 1202 quam
524 1117 636 1184 dicunt
654 1119 803 1202 apoplexi
819 1119 1017 1201 corripiatur,
1027 1119 1113 1185 haud
1126 1120 1295 1204 inportune
1312 1125 1420 1190 memi-

288 1222 377 1288 nerit
396 1221 478 1287 Plus
497 1220 604 1308 Symp.
627 1221 691 1301 III,
712 1225 740 1301 8,
762 1227 782 1288 2
804 1243 834 1304 p.
857 1221 944 1288 6561
964 1219 1021 1286 καί
1041 1223 1107 1285 τῶν
1128 1215 1320 1289 ὑπνωτικῶν
1341 1219 1426 1292 ἔνιοι
1523 1261 1528 1269 ·

289 1325 451 1413 λαβόντες
464 1327 627 1418 ἐνδοτέρω
644 1332 705 1396 τοῦ
718 1326 866 1418 μετρίου,
884 1327 1188 1418 θορυβωδέστερον
1205 1326 1425 1396 διατίθενται·

290 1431 396 1498 πλέον
427 1432 465 1499 δὲ
493 1428 653 1516 λαβόντες
683 1427 812 1513 ένιοι,
842 1430 1075 1498 καθεύδουσιν.
1127 1432 1272 1512 Quodis
1302 1435 1352 1501 his
1373 1436 1421 1502 di-

292 1540 421 1605 stinctis
433 1539 553 1605 litteris
573 1540 752 1622 inpressum
774 1545 837 1618 est,
861 1538 972 1606 Reiski
993 1538 1208 1607 admonitione
1227 1541 1354 1607 adiutus
1373 1564 1419 1610 se-

288 1640 481 1708 cludendum
501 1641 691 1724 putauerim,
718 1646 828 1724 utpote
854 1641 1008 1706 orationis
1027 1643 1298 1726 coagmentandae
1325 1665 1420 1711 causa

288 1744 330 1811 ab
351 1745 580 1829 interpolatore
599 1745 809 1830 adscriptum,
830 1746 929 1812 etiam
950 1745 984 1809 in
1005 1745 1159 1826 proximis
1180 1748 1419 1830 quaestionibus

286 1849 350 1915 nisi
372 1850 554 1916 coniectura
582 1847 667 1914 fallit
687 1848 797 1914 multis
818 1847 919 1914 modis
942 1851 1092 1932 grassata
1144 1846 1227 1913 Nam
1249 1851 1417 1932 quominus

286 1953 507 2040 dittographia
533 1954 694 2020 inuectum
725 1952 870 2030 credam,
900 1950 1048 2035 inpedior
1079 1951 1198 2036 insigni
1226 1951 1312 2033 apud
1343 1952 1414 2017 Plu-

284 2059 432 2126 tarchum
459 2058 554 2124 huius
582 2057 653 2122 vitii
681 2057 824 2122 raritate.
874 2055 921 2121 Aa
951 2055 1076 2120 videtur
1104 2077 1179 2122 saue
1207 2055 1267 2121 hoc
1289 2055 1412 2124 addita-
1459 2116 1466 2130 ‚
1516 2139 1518 2147 J

284 2168 430 2228 mentum
451 2161 592 2230 eiusdem
612 2158 753 2227 fabricae
773 2181 854 2238 esse,
885 2159 927 2224 ad
954 2181 1051 2243 quam
1073 2159 1208 2225 mirifica
1230 2161 1325 2227 lectio
1347 2162 1414 2228 cod.

283 2264 379 2332 vind.
408 2263 576 2331 referenda
601 2263 710 2329 estin
736 2263 920 2346 quaestione
953 2284 977 2328 e.
1007 2271 1035 2341 7,
1065 2271 1084 2328 2
1113 2285 1185 2348 pag.
1216 2270 1314 2332 utta
1348 2272 1414 2333 τοῖν
1525 2347 1527 2353 ,

283 2363 317 2434 δ’
339 2365 463 2458 ἰατρῶν
484 2372 583 2446 ’τινας
606 2367 694 2453 λέγει
722 2365 800 2444 τούς
823 2367 927 2434 πλέον
951 2365 1091 2446 πιόντας
1121 2363 1265 2435 κελεύειν
1290 2369 1414 2453 [έμεῖν],

282 2460 358 2534 εἶτα
377 2464 458 2534 ὅταν
477 2463 626 2552 μέλλεται
645 2462 834 2546 καθεύδειν,
858 2459 960 2555 δίρτον
979 2462 1027 2546 είς
1045 2468 1122 2548 μέλι
1143 2468 1412 2561 καταβάψαντας

282 2569 449 2658 ἐμφαγεῖν
469 2565 515 2636 έδ
523 2591 641 2648 οταν,
666 2589 748 2652 quae
767 2588 831 2652 quo
845 2573 940 2651 pacto
954 2569 1040 2635 inter
1054 2589 1087 2636 se
1103 2569 1265 2635 conciliari
1289 2571 1413 2652 possint

281 2693 348 2739 non
369 2672 475 2751 video,
503 2672 659 2739 videbunt
684 2671 819 2738 fortasse
845 2673 1011 2739 acutiores.
1062 2672 1199 2738 Videtur
1220 2680 1340 2754 autem,
1371 2698 1412 2742 ne

280 2779 496 2863 scrupulosius
517 2799 682 2864 quaeram,
711 2772 834 2843 ἔδοσαν
856 2776 938 2842 nihil
958 2775 1047 2843 aliud
1067 2777 1130 2843 nisi
1151 2777 1290 2844 nasutuh
1311 2779 1409 2845 inter-

280 2880 435 2965 polatoris
463 2878 707 2957 animadversio,
736 2878 792 2963 qui
813 2897 885 2943 oum
905 2899 964 2960 per
986 2898 1126 2945 errorem
1154 2880 1304 2944 omissum
1329 2886 1412 2947 esset

282 2984 393 3067 ἐμεῖν,
424 2986 567 3053 Macrobi
598 2984 727 3051 demum
755 3003 815 3066 ope
842 2989 1077 3066 recuperatum,
1113 2984 1209 3051 uerba
1240 3006 1304 3050 non
1329 2986 1411 3053 bene

281 3090 367 3156 coire
395 3090 562 3157 sentiebat
605 3088 652 3155 Ut
679 3108 775 3153 causa
802 3085 991 3153 adiectionis
1028 3088 1108 3155 haec
1132 3088 1230 3153 fuisse
1258 3089 1410 3170 videatur,

278 3192 365 3279 quod
394 3194 518 3261 scribae
547 3198 686 3260 mentem
711 3193 747 3257 in
772 3191 864 3258 libris
893 3194 1088 3263 medicorum
1115 3197 1322 3263 versatissimi
1352 3221 1407 3266 no-

278 3298 404 3370 tissima
429 3299 493 3366 ista
512 3298 678 3365 subierunt
700 3297 816 3363 δοῦναι
838 3303 946 3379 πιεῖν,
977 3304 1096 3387 φαγεῖν
1125 3302 1243 3367 similia
1263 3302 1409 3384 plurima,

152 3473 153 3484 ¹
279 3422 473 3487 quamquam
499 3424 541 3468 ne
566 3401 614 3468 ita
634 3400 765 3487 quidem
793 3400 875 3471 citra
895 3404 1018 3471 altioris
1036 3405 1175 3473 vulneris
1202 3406 1410 3490 suspitionem

281 3508 442 3576 adiectum
462 3529 531 3575 esse
552 3508 663 3578 fateor.

365 3633 481 3701 Statim
501 3641 676 3720 sequuntur
696 3637 776 3704 haec
789 3633 885 3715 είκδς
908 3633 946 3703 δέ
963 3658 1030 3701 που
1044 3632 1102 3701 καί
1117 3630 1239 3723 ταύτην
1255 3634 1314 3724 τὴν
1330 3639 1409 3727 περὶ

276 3737 335 3807 τδν
364 3732 593 3828 ἀκροθώρακα
622 3740 784 3830 ταραχὴν,
814 3736 895 3806 ὅταν
917 3734 1024 3826 ἀκμὴν
1052 3732 1157 3827 λοίβγγ,
1177 3738 1409 3829 μαραίνεσθαι

277 3841 445 3933 καὶπρὸς
471 3846 570 3911 τοῦτο
601 3849 767 3936 συνεργεῖν
788 3843 845 3912 τδν
868 3837 976 3911 αἴνυτ’
1007 3841 1112 3923 σολδς
1140 3844 1202 3935 γὰρ
1233 3842 1404 3927 εἰσελθών,

277 3947 315 4015 ud
338 3950 436 4033 σῶμα
465 3948 752 4029 συνεξέκαυσε
780 3950 836 4016 καί
857 3946 1074 4015 κατανάλωσε
1095 3950 1134 4016 ud
1156 3952 1320 4034 μανιῶδες
1348 3941 1407 4037 τῆς

276 4058 399 4144 ψυχῆς.
442 4055 594 4139 Disputat
619 4057 673 4123 hic
700 4057 889 4124 Plutarchus
911 4057 953 4124 de
979 4056 1160 4142 prodigioso
1182 4056 1319 4142 quodam
1340 4057 1406 4122 uini

276 4160 404 4238 effectu,
426 4160 482 4243 qui
504 4160 607 4246 magis
628 4160 761 4229 fortasse
783 4162 923 4245 cuipiam
938 4160 1039 4228 videri
1058 4161 1178 4246 poterit
1197 4160 1405 4245 prodigiosus,

274 4274 372 4345 quam
388 4259 474 4345 qnod
493 4260 615 4327 Plinius
636 4262 796 4329 crebriore
812 4262 878 4327 vini
897 4264 977 4344 potu
990 4260 1094 4328 mulae
1108 4260 1186 4327 adeo
1204 4260 1406 4327 calcitratum

274 4364 416 4431 inhiberi
437 4364 581 4430 tradidit.
610 4362 737 4432 Scilicet
759 4369 855 4449 prout
869 4366 941 4449 plus
959 4365 1100 4431 minusve
1115 4363 1246 4429 bibatur
1262 4364 1336 4443 vini,
1352 4386 1403 4430 va-

272 4470 421 4538 riabilem
431 4470 955 4555 quodammodoexisterevimeius
967 4476 1062 4555 atque
1074 4470 1406 4549 effeetum‚utmodice

273 4579 401 4661 sumpto
420 4575 494 4645 vino
517 4566 627 4660 (οἶνος
649 4580 810 4655 τοσοῦτος
832 4572 912 4653 ὅσος
937 4571 1049 4652 ἱκανὸς
1072 4566 1112 4639 δν
1137 4574 1265 4661 γένοιτο
1295 4573 1405 4663 πρὸς

274 4668 495 4757 εὐθυμίαν
516 4673 631 4744 Athen
652 4676 682 4744 V
703 4675 861 4762 Ρ.’191ί)
882 4672 1102 4760 uehementius
1130 4675 1227 4743 etiam
1256 4674 1405 4741 commoti

274 4778 445 4850 uideantur
473 4785 616 4865 potores,
645 4799 743 4868 quam
771 4780 828 4867 qui
857 4778 980 4847 maiora
1012 4776 1053 4846 ad
1088 4778 1276 4848 ebrietatem
1306 4796 1406 4864 usque
