3700 5625
950 643 1184 705 -110-

501 804 532 856 Ρ.
549 806 583 860 36
599 822 625 858 v.
646 805 687 856 12.
723 803 801 870 Apud
817 803 957 857 Libauium
981 801 1139 870 plerumque
1160 803 1262 856 obtinet
1280 805 1342 853 ταῖν
1361 806 1461 873 χεροῖν
1479 801 1536 855 sim.
1552 800 1619 854 veluti

604 909 630 961 p.
651 895 695 958 81,
714 895 730 944 8
748 907 775 959 p.
794 893 859 957 244,
878 895 925 956 22,
952 907 1020 957 quae
1037 907 1101 944 num
1120 907 1135 942 c
1155 891 1295 944 codicibus
1313 889 1426 957 posthac
1447 891 1551 942 exousia
1571 905 1618 941 cor·

605 994 673 1031 recta
691 980 743 1030 siut
766 979 877 1044 ignoro,
902 993 963 1030 curn
986 977 1052 1028 hacc
1069 978 1220 1030 testimonia
1241 993 1273 1028 cx
1291 977 1375 1043 priora
1395 975 1489 1028 Reislri
1506 977 1616 1040 editione,

606 1081 673 1131 qaae
690 1067 774 1118 tribua
794 1065 974 1118 voluminibus
994 1066 1105 1131 prodiit,
1124 1063 1177 1116 huc
1196 1065 1334 1117 tratraierre
1353 1069 1463 1117 coactus
1482 1066 1539 1116 sim.

504 1216 533 1270 Ρ.
546 1218 579 1268 39
593 1233 619 1271 v.
633 1218 694 1270 tab
709 1218 772 1270 imo.
785 1220 812 1269 ln
826 1214 1085 1284 locoTheopbylactl
1105 1214 1165 1269 hist.
1179 1214 1212 1280 V,
1229 1216 1259 1267 16
1272 1217 1362 1267 nescio
1374 1231 1407 1267 an
1419 1217 1581 1272 scribendum
1593 1219 1619 1268 sit

604 1299 667 1364 τοὺς
684 1306 787 1363 ἱππέας
804 1306 847 1355 roi
854 1322 871 1356 ν
888 1297 1074 1371 ὀχημάτων
1092 1300 1239 1369 ἀπέβαλεν.
1271 1296 1381 1372 ’Ὀχημα
1402 1306 1473 1356 euim
1493 1305 1559 1370 apud
1576 1303 1616 1372 By·

604 1396 705 1445 aautios
727 1410 779 1445 nou
803 1395 839 1444 ita
857 1408 913 1444 raro
938 1393 1044 1458 ponitur
1066 1407 1112 1457 pro
1137 1393 1236 1456 ἵππος,
1262 1394 1335 1444 utin
1356 1393 1481 1444 interiore
1501 1393 1618 1443 Latinitate

606 1480 739 1530 colliculum
757 1480 853 1531 eodem
872 1479 1021 1544 significatu
1034 1485 1174 1546 usurpatur
1192 1486 1270 1544 atque
1289 1497 1373 1544 equata.
1411 1478 1463 1532 Cir.
1479 1480 1532 1532 Leo
1549 1495 1618 1546 gram·

605 1573 665 1620 mat.
684 1569 710 1618 in
731 1565 852 1632 Theoph.
869 1582 895 1632 p.
916 1566 964 1617 451
988 1568 1035 1618 καὶ
1058 1571 1115 1625 τοῖς
1138 1567 1282 1634 6ημοσίοις
1310 1562 1495 1636 ὀχήμασιν
1530 1563 1617 1634 ἐπιβάς,

603 1653 730 1723 ἀπῆλθεν
754 1649 848 1724 φυγάς
871 1657 953 1723 μέχρι
981 1655 1036 1705 τῶν
1053 1654 1231 1720 Κλεισουριιῖν
1255 1655 1373 1726 Συρίας,
1400 1649 1448 1712 τὰς
1466 1656 1520 1706 τῶν
1537 1655 1617 1704 ἵππων

608 1732 705 1806 lyrico
722 1731 874 1790 ἐκκόπτων.

503 1889 532 1941 Ρ.
553 1890 594 1941 46.
633 1887 708 1954 Apud
731 1887 866 1941 libanium
890 1889 993 1956 φοιτᾶν
1011 1886 1106 1938 similia
1129 1887 1284 1953 plerumque
1307 1889 1451 1953 iunguntur
1475 1903 1534 1942 eum
1554 1885 1616 1958 παρά

606 1976 685 2029 veluti
703 1975 713 2026 l
731 1992 757 2042 p.
776 1977 824 2040 74,
846 1976 877 2027 10
895 1976 964 2030 conl.
983 1991 1009 2044 p.
1028 1976 1093 2041 326,
1117 1977 1148 2028 15
1167 1982 1193 2028 et
1210 1975 1329 2030 similiter
1345 1992 1370 2042 p.
1390 1977 1439 2043 93,
1459 1979 1475 2028 9
1496 1977 1615 2048 ἀφεκτέον

606 2063 665 2116 ἐστί
681 2082 730 2133 μοι
750 2065 806 2116 τῶν
823 2059 899 2136 παρά
920 2061 970 2130 τὴν
987 2069 1107 2132 γυναῖκα
1128 2063 1235 2131 ἐκείνην
1255 2059 1328 2117 ὁδῶν
1350 2069 1400 2117 alc.

506 2215 533 2268 Ρ.
551 2216 583 2267 42
603 2232 626 2268 v.
645 2217 669 2269 'l.
700 2206 829 2290 Τοὖργον
847 2217 950 2270 scribae
970 2218 1049 2268 etiam
1067 2223 1202 2270 servarunt
1221 2219 1290 2284 apud
1306 2219 1445 2272 libanium
1461 2220 1467 2269 l
1486 2233 1512 2284 p.
1529 2220 1567 2283 85,
1581 2220 1616 2282 18,

606 2308 669 2358 item
686 2306 742 2357 tere
760 2307 859 2372 ubique
876 2305 947 2372 apud
968 2321 1029 2358 cum
1048 2305 1174 2358 coalescit
1192 2303 1221 2358 τὸ
1243 2305 1355 2376 ἔδαφος.

505 2460 533 2512 Ρ.
552 2461 595 2511 48.
631 2459 748 2512 Verbum
766 2459 872 2508 στένειν
892 2456 919 2507 in
943 2456 1155 2519 frequentissimo
1178 2470 1228 2506 usu
1247 2456 1325 2506 etiam
1344 2455 1415 2522 apud
1435 2455 1568 2508 Libanium
1585 2463 1618 2505 est

607 2562 631 2598 c.
646 2547 692 2610 g.l
705 2559 730 2610 p.
749 2543 793 2607 49,
813 2544 866 2610 lp.
883 2544 942 2607 192,
962 2543 992 2592 11
1007 2558 1033 2609 p.
1046 2543 1111 2608 243,
1131 2545 1146 2594 5
1161 2544 1206 2596 ubi
1225 2539 1342 2610 κάθηται
1359 2548 1473 2608 στένων,
1491 2560 1516 2611 p.
1531 2546 1589 2609 252,
1606 2545 1618 2592 3

606 2639 670 2698 etc.;
694 2633 767 2685 idem
791 2634 922 2686 succurrit
947 2631 1017 2698 apud
1036 2632 1184 2700 Appianum
1209 2632 1289 2688 veluti
1308 2633 1341 2686 da
1361 2633 1387 2688 b.
1405 2636 1456 2696 civ.
1480 2634 1516 2699 11,
1536 2635 1565 2686 15
1581 2635 1616 2685 acl

604 2722 713 2778 ἔστενεν
731 2717 802 2789 Ικαθ’
822 2715 919 2785 αὐτόν,
949 2726 976 2771 ut
1003 2721 1059 2772 iure
1091 2721 1190 2776 initeris
1222 2737 1338 2786 uuquam
1370 2721 1482 2778 dtrbilari
1514 2723 1618 2788 potuisse
1677 2735 1678 2746 ³

609 2807 644 2859 de
661 2823 712 2859 usu
733 2805 812 2859 huius
830 2806 903 2858 verbi
928 2806 955 2858 in
973 2805 1064 2873 lingua
1081 2807 1187 2873 volgari·
1201 2824 1233 2859 cx
1251 2809 1368 2866 omnium
1390 2808 1557 2861 dialectorum
1575 2807 1619 2859 col-

605 2896 676 2951 luvie
689 2901 755 2948 natu
783 2894 864 2947 Multo
875 2895 1037 2959 frequentius
1051 2910 1114 2947 sanc
1132 2897 1243 2948 occurrit
1256 2896 1325 2962 apud
1339 2896 1491 2966 Byzantios,
1506 2912 1521 2947 e
1537 2896 1620 2961 quibus

607 2985 689 3037 hodie
705 2983 852 3037 addiderim
865 2981 974 3049 lliccph.
991 2985 1148 3052 Brycnnium
1166 2992 1306 3041 comment
1325 2985 1355 3051 ll,
1369 2988 1383 3036 'l
1398 3002 1423 3052 p.
1434 2987 1478 3052 63,
1495 2988 1508 3038 'l
1524 2980 1620 3047 ἔστενάν
1676 2988 1677 3052 ᾗ

609 3092 637 3126 τε
650 3076 697 3125 καὶ
711 3067 849 3143 ἐδάκρυον
861 3070 929 3123 conl.
943 3086 969 3137 p.
977 3071 1021 3136 64,
1035 3072 1060 3135 1,
1073 3086 1141 3123 vana
1152 3077 1284 3137 practerea
1297 3088 1505 3142 synonymorum
1518 3071 1620 3126 cumula-

608 3163 690 3224 tione,
710 3161 752 3213 cui
763 3160 806 3210 alii
818 3158 897 3210 buius
910 3165 998 3210 sectae
1011 3161 1159 3227 scriptores,
1172 3159 1252 3213 veluti
1262 3160 1477 3231 Theophylactua
1494 3168 1519 3215 et
1529 3161 1620 3213 Nicetas

608 3250 759 3316 choniates,
778 3250 811 3301 ad
823 3250 952 3302 insaniam
965 3264 1049 3317 usquc
1061 3252 1207 3319 indulgent,
1230 3250 1321 3318 ἠνιᾶτο
1339 3253 1394 3323 μὲν
1405 3256 1452 3305 καὶ
1470 3249 1568 3323 ἠθύμει
1583 3254 1618 3304 nni

609 3342 698 3395 ἔστενε
715 3342 762 3392 καλ
776 3334 911 3409 ἐδάκρυεν
923 3337 980 3407 (cir.
995 3337 1105 3407 Procop.
1118 3340 1144 3395 h.
1154 3357 1177 3395 a.
1191 3357 1215 3408 p.
1227 3341 1270 3407 95,
1286 3342 1316 3393 13
1331 3340 1468 3409 imputo
1481 3342 1620 3395 τοίνυνκαὶ

610 3425 721 3483 ἱκετεύω
742 3431 788 3481 καὶ
806 3428 921 3499 ιλέομαι,
941 3442 1008 3493 quae
1026 3430 1061 3483 in.
1074 3428 1222 3493 glossarum
1241 3429 1439 3482 similitudinem
1459 3430 1601 3495 incurrunt).

505 3606 536 3659 Ρ.
556 3607 598 3659 49.
636 3599 731 3658 Φόνου
749 3603 856 3657 πολλοῦ
874 3602 1028 3671 γενομένου
1046 3600 1187 3665 conposuit
1203 3600 1283 3651 ctiam
1298 3600 1406 3666 Appian.
1422 3600 1447 3653 d.
1460 3600 1488 3653 b.
1503 3614 1526 3653 c.
1536 3598 1566 3664 ll,
1581 3597 1621 3648 105

608 3691 723 3753 itemque
742 3683 828 3747 πολὺς
847 3687 970 3757 ἐγίγνετο
991 3679 1079 3755 φόνος
1102 3685 1207 3739 161111.
1227 3686 1269 3739 22.
1312 3688 1350 3738 Ac
1369 3685 1512 3752 legitimam
1533 3700 1619 3738 couse-

610 3773 742 3824 cutiooem
760 3773 863 3825 retinuit
887 3774 966 3824 etiam
985 3772 1073 3825 Liban.
1099 3772 1167 3825 dccl.
1194 3775 1246 3839 lp.
1269 3774 1332 3839 138,
1357 3775 1371 3823 5
1393 3769 1474 3844 φόνῳ
1495 3794 1521 3829 τε
1539 3774 1621 3839 nollo]
1673 3790 1674 3809 ι

610 3855 657 3905 καὶ
675 3856 785 3923 αἵματα
803 3870 857 3907 uuo
870 3862 996 3921 quantum
1017 3856 1073 3907 seio
1087 3854 1147 3907 loco
1160 3855 1223 3907 dixit
1240 3859 1392 3926 γενομένης
1408 3858 1439 3911 ιλὲ
1456 3860 1502 3926 τῆς
1511 3851 1621 3928 μεγάλης

610 3935 701 4013 μάχης
717 3944 766 3995 καλ
786 3946 834 3997 τοῦ
849 3945 957 3999 πολλοῦ
974 3938 1065 4012 φόνου
1083 3957 1108 4013 p.
1132 3942 1190 4007 tlt,
1210 3943 1234 3997 8.
1672 4016 1673 4064 φ

509 4106 539 4163 l’.
559 4109 600 4163 55.
637 4108 675 4159 lle
693 4107 774 4161 verbo
794 4104 936 4175 ἐκβάλλειν
953 4125 1096 4177 provocare
1116 4112 1246 4165 debebam
1264 4112 1297 4163 ad
1318 4113 1350 4164 Α.
1362 4110 1526 4182 Koechlyum
1544 4125 1621 4163 meum

611 4192 721 4246 Emend.
745 4193 772 4243 iu
791 4190 879 4258 Eurip.
901 4192 983 4259 lphig.
1003 4194 1078 4247 Taua.
1097 4212 1122 4261 p.
1144 4198 1161 4245 ll
1181 4211 1207 4261 p.
1230 4198 1260 4248 16
1284 4198 1372 4262 etqui
1396 4198 1428 4251 ab
1447 4196 1499 4250 hoc
1516 4198 1624 4249 laudatur

612 4280 775 4335 Schoeuium
791 4280 827 4332 ad
845 4278 949 4333 Hercul.
968 4281 1016 4334 1111.
1034 4299 1059 4335 v.
1079 4280 1138 4336 933.
1671 4254 1672 4315 1

509 4434 539 4487 Ρ.
560 4434 593 4485 58
609 4450 635 4487 u.
656 4436 736 4491 itt'ab
756 4436 810 4487 imo
828 4431 897 4485 adde
915 4430 1033 4486 Eustath.
1052 4434 1079 4484 in
1097 4439 1160 4488 orat.
1176 4450 1245 4487 anuo
1262 4436 1362 4503 auspic.
1380 4435 1470 4489 habita
1488 4452 1513 4503 p.
1536 4431 1619 4496 154,1
1670 4442 1671 4445 ’

508 4522 512 4529 ’
613 4520 707 4589 (Talei)
729 4516 834 4594 ὄμβρος
849 4517 867 4589 ἢ
884 4515 957 4591 γάλα
976 4515 1108 4595 οὐράνιον
1128 4517 1142 4589 ἢ
1159 4519 1254 4592 μάννιι
1273 4521 1411 4594 δεύτερον.

510 4671 540 4727 Ρ.
558 4670 601 4726 621
625 4667 677 4727 cn.
690 4670 724 4725 11.
738 4671 901 4738 Willkomm,
923 4672 967 4724 die
979 4668 1115 4725 Halbluael
1133 4671 1180 4723 der
1193 4672 1331 4743 Pyrentan
1344 4674 1432 4743 Leipa.
1448 4676 1513 4729 1865
1531 4692 1555 4743 p.
1568 4674 1624 4725 atu:
1669 4658 1670 4669 ἶ

613 4764 645 4815 Ia
656 4759 851 4828 Nordportupal
866 4765 925 4815 aiod
936 4762 978 4815 <tto
989 4761 1171 4830 Beryablctnpe
1191 4764 1223 4829 (τ.
1236 4763 1271 4819 Β.
1287 4766 1333 4817 dia
1341 4766 1388 4817 dar
1400 4764 1483 4819 Sem
1499 4767 1531 4818 de
1543 4760 1622 4825 aaa)

1656 5092 1668 5339 ι
