3700 5625
700 623 894 686 ..a-

234 789 427 862 ocnsortcm,
455 785 483 850 si
513 803 577 849 non
602 784 688 866 apud
708 783 906 849 Herodotum
927 788 963 850 at
981 787 1069 850 carte
1089 781 1175 865 apud
1196 783 1365 850 Aelianum

234 889 422 967 obtinuisse,
453 889 521 955 veri
550 887 637 954 haud
667 888 812 954 absimile
841 893 897 953 est
960 885 1025 953 Sed
1054 886 1098 953 de
1124 887 1177 952 his
1204 892 1364 971 utcunque

233 993 391 1070 suuncio,
422 991 505 1056 nihil
524 1012 609 1056 nunc
637 991 715 1056 iacit
742 991 784 1056 ad
811 1011 895 1071 rem3
923 990 1025 1056 multo
1054 991 1184 1075 gravius
1212 995 1273 1068 est,
1301 1011 1366 1075 qua

233 1098 356 1166 ratione
385 1119 458 1164 cum
486 1098 543 1164 alii
575 1098 693 1180 passim
720 1097 891 1180 scriptores
915 1101 986 1161 tum
1010 1095 1200 1161 Plutarchus
1229 1098 1364 1178 ipse,si

226 1200 421 1267 ¹concludere
441 1201 475 1264 id
494 1199 571 1266 lieet
590 1199 788 1266 eLaotautio
807 1199 864 1264 ll
886 1198 916 1278 I,
934 1204 984 1276 20,
998 1205 1027 1276 b,
1048 1197 1200 1263 Verrium
1215 1199 1364 1263 Placcum

233 1305 368 1372 fortasse
389 1311 515 1372 secutus
535 1309 712 1384 auctorem,
733 1343 777 1352 -
796 1325 885 1383 nam,
911 1310 951 1368 ut
968 1309 1097 1386 praeter
1119 1305 1206 1370 huuc
1232 1306 1366 1371 alicuius

234 1411 433 1495 grammatici
462 1410 769 1496 pornographiam*)
797 1410 977 1477 adhibitam
997 1431 1066 1476 esse
1093 1409 1237 1488 credam,
1268 1433 1364 1496 aegre

234 1512 376 1579 adducor
405 1551 447 1562 -
474 1513 514 1579 de
544 1514 628 1580 Acca
654 1514 817 1592 Larentia,
846 1519 951 1580 scorto
979 1514 1140 1594 Herculis,
1171 1515 1365 1593 disseruerit,

233 1639 307 1682 cum
335 1619 523 1700 praesertim
550 1639 591 1682 ne
623 1618 685 1682 sibi
715 1618 778 1700 ipsi
805 1617 935 1702 quidem
963 1617 1143 1684 constiterit
1170 1639 1231 1701 per
1257 1620 1364 1685 rarius

235 1722 330 1788 huius
349 1724 398 1789 rei
424 1722 717 1790 commemorandae
745 1723 1008 1805 opportunitates
1052 1722 1123 1800 Qua
1148 1722 1188 1788 de
1214 1745 1250 1789 re
1280 1743 1364 1789 nunc

234 1823 345 1906 paullo
364 1824 495 1912 uberius
517 1843 666 1889 euenere
686 1822 800 1904 placet.

325 1923 363 1989 In
383 1924 451 1988 vita
466 1922 593 1988 Romuli
615 1923 713 2007 igitur
735 1943 802 2004 cap.
818 1929 846 2001 b,
867 1929 905 1987 ut
925 1922 1056 1989 tandem
1076 1923 1111 1987 in
1127 1924 1212 1989 viam
1228 1924 1365 2005 redeant,
1403 2011 1408 2016 .

240 2027 338 2094 husee
365 2027 524 2112 quondam
553 2028 687 2113 legimus
714 2028 859 2093 Herculis
885 2027 1061 2106 aedituum,
1089 2030 1146 2112 qui
1171 2029 1304 2096 senatus
1332 2038 1365 2096 et

238 2135 358 2200 otiosus
377 2133 436 2198 deo
459 2139 651 2200 tesserarum
673 2139 835 2198 cemameu
855 2135 1058 2216 proposuerit
1085 2136 1147 2202 hac
1173 2136 1365 2215 condicione,

237 2244 275 2304 ut
293 2239 320 2303 si
333 2239 435 2303 victor
452 2237 624 2320 prodiisset
642 2237 796 2304 Hercules
811 2238 1006 2303 luculentam
1023 2239 1054 2304 ei
1068 2239 1237 2320 praeberet
1252 2261 1361 2306 cenam

190 2347 196 2356 '
238 2346 455 2424 scortumque,
484 2341 553 2422 ipse
582 2341 610 2405 si
629 2341 757 2406 vicisset
784 2347 823 2405 ut
842 2341 965 2425 aliquid
993 2341 1096 2406 adeo
1122 2342 1269 2408 beneficii
1287 2363 1362 2408 oon-

237 2446 432 2524 sequeretur.
484 2440 674 2523 Hucusque
703 2440 738 2504 iu
766 2461 802 2506 re
832 2461 956 2506 summa
981 2462 1090 2507 omnes
1109 2441 1366 2507 narratiunculae

241 2547 386 2608 auctores
405 2540 611 2606 concordant:
634 2540 822 2606 Plutarchus
842 2541 878 2606 iu
892 2542 1019 2620 Quaest
1032 2563 1111 2608 rorn
1128 2547 1178 2621 35,
1199 2542 1263 2607 nisi
1277 2542 1363 2626 qued

240 2644 377 2711 breviori
397 2643 572 2710 nauationi
593 2643 799 2726 prolixiorem
820 2644 964 2726 praefert
983 2644 1020 2709 in
1041 2644 1139 2723 Vitis,
1169 2645 1364 2730 Augustinus

239 2748 280 2815 de
301 2750 357 2816 eir.
380 2748 433 2816 dei
454 2747 517 2828 Vl,
540 2756 559 2815 7
582 2769 612 2831 p.
636 2753 715 2828 228,
740 2757 775 2817 11
800 2750 995 2836 (Dombart),
1024 2750 1141 2818 latinos
1162 2752 1365 2819 hauddubie

238 2853 421 2919 euscdbens
443 2857 603 2930 auctores,
630 2874 668 2917 aa
689 2854 793 2935 specie
814 2856 915 2939 magis
934 2877 1033 2939 quam
1052 2878 1088 2921 re
1107 2857 1236 2923 varians
1255 2857 1290 2921 in
1308 2858 1362 2923 de·

239 2958 409 3025 scribenda
429 2956 611 3025 certaminis
632 2957 771 3035 ratione,
793 2978 865 3023 eum
885 2958 981 3023 dicite
1008 2958 1086 3023 lusit
1107 2959 1238 3024 tesseris
1257 2980 1364 3026 secum

236 3049 375 3145 ubsque
399 3082 496 3127 manu
527 3060 721 3139 alternante,
751 3060 786 3124 iu
815 3080 880 3127 una
900 3061 1096 3129 constituens
1115 3062 1302 3141 Herculem,
1330 3064 1365 3129 iu

238 3164 342 3231 altera
369 3186 402 3231 se
431 3165 549 3248 ipsum,
577 3186 654 3231 oum
682 3186 745 3250 quo
773 3167 919 3249 apprime
948 3168 1095 3253 congruit
1123 3168 1305 3237 Macrobius
1331 3171 1366 3235 iu

242 3270 400 3337 Saturnal.
430 3271 454 3349 I,
480 3276 597 3349 10,12,
626 3270 711 3337 idem
737 3272 944 3351 recentiores,
971 3277 1013 3337 ut
1036 3272 1163 3355 opinor,
1189 3273 1246 3338 sed
1265 3272 1366 3342 multo

237 3376 402 3443 uberiores
421 3376 457 3441 iu
474 3376 569 3442 rebus
584 3376 778 3458 exponendis
800 3382 927 3445 secutus
946 3382 1093 3444 auctores
1113 3377 1282 3445 ueletiam
1301 3378 1363 3444 tre·

238 3478 439 3561 quentiorem
459 3476 577 3543 famam
591 3476 627 3541 iu
641 3477 836 3543 sermonibus
851 3478 1022 3544 memorari
1036 3477 1177 3554 solitam,
1198 3477 1246 3541 ita
1258 3482 1367 3543 tamen

238 3587 277 3649 ut
297 3602 362 3647 non
381 3580 507 3647 diversa
525 3601 546 3644 a
563 3579 733 3645 Plutarcho
753 3581 874 3661 tradat,
896 3583 953 3649 sed
973 3583 1070 3647 aliam
1091 3580 1233 3652 eiusdem
1253 3604 1361 3649 narra

236 3684 335 3753 tionis
348 3688 473 3767 partem
488 3682 645 3765 copiosius
659 3681 815 3749 inlustret.
860 3680 1012 3767 Sequitur
1026 3682 1143 3749 dehinc
1160 3683 1195 3749 in
1213 3684 1282 3751 rita
1300 3684 1362 3751 Ro

238 3790 319 3857 muli
341 3788 497 3875 quomodo
518 3787 678 3865 aedituus,
700 3793 868 3873 postquam
890 3789 994 3854 victor
1013 3788 1184 3855 decesserit
1204 3789 1365 3869 Hercules,

237 3899 333 3977 paeto
354 3892 580 3976 promissisque
601 3896 687 3956 stare
715 3892 751 3955 iu
777 3892 919 3957 animum
949 3890 1123 3958 induxerit:
1155 3887 1366 3961 εὐσονθενεῖν

240 3992 277 4058 δὲ
299 3986 504 4075 βονλ’όμενος
524 3990 580 4055 καὶ
603 3990 741 4055 δικαιῶν
763 3988 916 4075 ἐμμένειν
937 3995 1009 4069 τοῖς
1027 3985 1207 4081 ὁρισθεῖσι,
1231 3989 1366 4059 δεῖπνόν

241 4106 286 4163 σε’
300 4100 347 4183 τῷ
367 4098 439 4183 θεῷ
461 4092 691 4183 παρεσκεύασε
719 4094 774 4161 καὶ
796 4092 853 4181 τήν
874 4091 1069 4185 Λαρεντίαν
1094 4087 1198 4162 οὖσαν
1225 4092 1364 4183 ὡραίαν,

241 4190 356 4265 ottae
371 4196 420 4267 ,δὲ
443 4194 645 4282 ἐπιφανῆ,
671 4191 932 4278 μισθωσάμενος
960 4191 1126 4261 εἱστίασαν
1147 4192 1183 4260 ἐν
1205 4196 1253 4278 τῷ
1277 4189 1365 4281 ἱερῷ.

240 4300 313 4367 Non
333 4302 421 4367 nulla
442 4301 477 4364 in
498 4300 559 4365 hac
580 4299 762 4364 narratione
782 4319 850 4365 esse
871 4296 966 4365 credo
979 4320 1062 4383 quae
1083 4297 1249 4363 adtentum
1268 4296 1363 4362 lecto-

238 4422 308 4468 rem
330 4398 499 4466 offendent.
542 4399 589 4463 Ac
609 4397 748 4479 primum
768 4396 897 4481 quidem
923 4418 1075 4483 magnum
1104 4397 1209 4459 movet
1234 4414 1363 4481 scrupu-

309 4567 334 4631 *5
354 4566 405 4623 co.
424 4570 455 4622 A.
473 4566 664 4621 Reifferscheid
688 4567 798 4623 Suetoui
818 4569 903 4635 Reliq.
923 4585 949 4635 p.
972 4571 1024 4621 466
1045 4581 1086 4633 sq.
1108 4566 1168 4621 coll.
1186 4584 1215 4636 p.
1235 4570 1286 4620 349
1304 4583 1363 4633 sqq.

240 4654 274 4711 lt.
293 4654 395 4723 Κὴρ),-
409 4657 446 4709 de
461 4655 579 4709 vitorum
603 4656 816 4710 Plutarehearum
838 4657 991 4710 uuewrlhus
1009 4655 1134 4709 Romanis
1155 4675 1181 4725 p.
1203 4660 1245 4722 11,
1270 4657 1365 4707 eodem

241 4739 355 4793 lemae
371 4742 428 4793 iure
441 4740 476 4793 de
486 4739 592 4793 Valerio
606 4743 708 4795 Antiate
720 4744 854 4809 cogitasse
866 4740 970 4793 videtur
982 4747 1087 4810 propter
1098 4741 1164 4798 Gall.
1173 4741 1220 4794 Vll
1234 4739 1291 4805 (Vb
1301 4739 1365 4803 7,·6.

1170 4841 1203 4897 ¹·
