3700 5625
678 623 923 688 „qq-

248 787 310 856 des
336 807 450 872 parum
478 785 626 854 adtentos
652 785 761 868 trisse,
795 809 859 854 non
885 787 1097 854 dubitandum
1123 793 1185 868 est,
1212 787 1290 874 quin
1318 786 1379 853 hoc

245 893 425 976 simplicius
439 890 541 956 multo
559 895 592 957 et
608 891 756 958 usitatius
772 891 869 958 scribi
887 891 1047 972 debuerit,
1068 892 1167 958 veluti
1184 887 1243 957 αιἰκ
1260 887 1380 976 dasch]

248 998 406 1088 φυλακην
428 993 615 1086 ἐποιήσατο
629 999 679 1067 vel
696 993 755 1066 οὐκ
772 996 907 1090 ἰσχυράν
928 999 1082 1088 φυλακην
1104 982 1287 1086 ἐπιστήσας
1302 997 1376 1082 (Ησ-

244 1104 323 1170 liod.
346 1091 493 1186 Aethiop.
518 1103 547 1182 Ι,
571 1103 604 1190 3)
626 1104 817 1188 similiter*).
868 1104 956 1183 Quae
985 1125 1058 1170 cum
1085 1105 1132 1172 ita
1163 1106 1227 1170 sint
1251 1105 1285 1169 in
1304 1103 1378 1169 eam

244 1205 431 1288 opinionem
453 1205 538 1283 veni,
558 1203 643 1271 idem
663 1206 698 1270 in
720 1205 780 1270 hoc
802 1205 872 1270 loco
894 1206 1050 1284 evenisse,
1072 1205 1158 1290 quod
1181 1206 1378 1286 sescentiens

246 1310 370 1378 fectum
383 1309 590 1387 ostendimus,
605 1314 642 1374 ut
655 1309 777 1376 scribae
791 1311 895 1374 rarius
908 1310 1107 1388 vocabulum,
1120 1310 1206 1394 quod
1222 1309 1312 1374 nulla
1321 1308 1375 1376 ad·

246 1417 380 1484 modum
401 1417 609 1484 similitudine
628 1423 841 1500 opportunum
861 1424 932 1484 crat
951 1419 1068 1498 errori,
1088 1418 1259 1484 accedente
1279 1417 1378 1482 animi

245 1520 513 1600 hallucinatione,
533 1524 644 1586 contra
664 1518 726 1585 loci
748 1520 940 1586 sententiam
955 1520 1161 1586 obscurarent
1180 1519 1376 1604 licenterque

243 1630 476 1708 permutarent.
521 1625 633 1710 Itaque
654 1625 689 1690 in
711 1623 865 1690 eiusmodi
886 1625 963 1690 locis
979 1647 1020 1692 ne
1035 1625 1143 1708 paullo
1159 1623 1290 1692 liberior
1306 1624 1374 1708 qui·

244 1729 322 1798 dem
344 1729 555 1814 vituperanda
581 1731 645 1797 erit
673 1731 836 1798 correctio.
885 1731 1091 1800 Plutarchum
1118 1731 1204 1797 enim
1233 1732 1376 1806 sicflscri-

243 1836 349 1920 psisse
371 1836 500 1918 opinor:
532 1827 652 1900 οὐδένα
681 1835 741 1900 τοῦ
774 1830 951 1900 Γυλίππου
980 1831 1079 1920 λόγον
1106 1828 1181 1916 ἔσχε
1204 1832 1377 1921 apocali-

245 1957 347 2012 ονεσς
378 1929 480 2000 οὐδὲ
511 1931 705 2022 φυλακήν
736 1930 982 2022 ἐποιήσατο
1015 1936 1093 2000 τῶν
1126 1931 1380 2023 καιάρσεων

243 2039 264 2104 i.
288 2061 315 2104 e.
349 2061 384 2104 ne
409 2040 569 2105 obsewcbat
597 2040 712 2124 quidem
740 2040 848 2126 ηνάκιε
876 2040 946 2104 ἶσαι
970 2037 1102 2124 Gylippi
1127 2059 1211 2104 noces
1239 2038 1380 2103 ωιιινισάε

243 2146 360 2229 adpelle
378 2151 504 2228 possent,
528 2144 607 2210 conl.
629 2144 767 2230 Thucyd.
782 2143 837 2223 IV,
858 2148 899 2210 26
921 2138 955 2209 oi
978 2142 1116 2210 πολῖται
1138 2143 1218 2233 περὶ
1237 2140 1297 2222 τάς
1318 2166 1378 2208 κα-
1412 2141 1416 2145 ’

243 2246 385 2336 τάρσεις
402 2249 461 2335 τῆς
477 2243 578 2334 νήσου
594 2244 795 2336 ἐφύλασσον,
812 2247 892 2314 Plut.
905 2247 1012 2329 Pomp.
1029 2251 1070 2313 65
1088 2246 1253 2330 κατέλαβε
1271 2243 1378 2336 χωρία

244 2345 367 2432 {posca
390 2351 446 2416 nul
473 2348 619 2432 ναύλοχα
650 2355 706 2418 καὶ
729 2351 922 2440 κατάρσεις,
954 2350 1146 2418 Themisti)
1170 2349 1379 2439 παραπλέων

244 2454 284 2522 δὲ
304 2453 366 2542 τὴν
386 2451 498 2545 χώραν
521 2449 539 2521 ὁ
560 2456 612 2537 (d,
634 2443 658 2545 ᾗ
679 2451 912 2546 κατάρσεις
935 2448 1175 2541 ἀναγκαίας
1196 2453 1252 2522 καὶ
1274 2479 1378 2521 κατα-

245 2552 360 2643 φυγάς
383 2549 472 2643 ἑώρα
494 2558 565 2632 τοῖς
589 2551 780 2638 πολεμίοις,
813 2555 928 2642 quibus
950 2574 1092 2638 conpono
1113 2554 1197 2639 quod
1219 2553 1281 2622 Dio
1303 2552 1375 2620 Cas-

243 2660 315 2726 sius
343 2658 448 2738 XLII,
477 2667 517 2726 40
544 2658 625 2724 dixit
654 2657 714 2738 τάς
745 2655 923 2750 κατάρσεις
952 2666 1097 2752 τηρεῖν
1124 2667 1158 2727 et
1184 2661 1223 2740 L,
1256 2668 1291 2728 ll
1321 2662 1379 2737 ιάς

245 2760 428 2854 κατάρσεις
449 2767 514 2831 τῶν
536 2758 687 2833 ὁλκάδων
709 2763 940 2855 ἐπιτηρεῖν.

337 2866 401 2935 Sed
421 2874 457 2935 ut
477 2891 497 2935 a
517 2870 601 2935 curis
628 2869 774 2937 'secundis
805 2870 845 2936 ad
873 2871 1043 2953 primarias
1070 2874 1226 2948 revertar,
1254 2871 1288 2934 in
1310 2891 1375 2935 me·

246 2973 386 3039 moriam
406 2994 553 3041 revocare
572 2973 662 3041 lubet
677 2974 762 3060 quod
781 2975 975 3059 aliquotiens
994 2998 1015 3041 a
1034 2997 1086 3042 me
1100 2974 1300 3066 deploratum
1321 2980 1378 3053 est,

248 3078 374 3145 nullum
399 3078 517 3145 librum
551 3080 713 3147 Plutarchi
750 3080 890 3164 peiorem
924 3085 1091 3165 expertum
1119 3100 1187 3146 csse
1216 3079 1378 3147 fortunam

245 3204 346 3267 quam
365 3181 582 3269 symposium,
603 3206 701 3273 quae,
723 3184 799 3251 licet
821 3208 841 3251 a
862 3186 972 3251 multis
998 3186 1075 3251 viris
1096 3186 1199 3252 doctis
1220 3186 1306 3254 haud
1325 3187 1374 3251 in-

245 3284 385 3351 feliciter
407 3290 571 3367 temptata,
593 3290 709 3365 tamen,
733 3308 804 3352 cum
823 3288 925 3373 omnis
945 3308 1047 3369 paene
1068 3288 1223 3353 correctio
1239 3287 1378 3371 pendeat

249 3413 271 3457 a
293 3391 474 3457 coniectura
502 3392 553 3459 vel
574 3414 594 3459 a
616 3392 735 3459 sollerti
763 3392 900 3459 fontium
929 3394 985 3478 qui
1004 3394 1153 3460 dicuntur
1174 3391 1374 3459 secundario·

249 3516 326 3561 rum
345 3517 417 3575 usu,
445 3496 603 3563 editorum
632 3518 761 3581 operam
782 3498 990 3566 multifariam
1012 3499 1182 3565 eluserunt.
1225 3496 1307 3563 Nam
1328 3497 1377 3563 vel

247 3598 503 3667 Vindobonensis
524 3601 614 3681 liber,
636 3622 656 3667 a
676 3622 748 3685 quo,
771 3623 843 3669 cum
857 3603 1088 3669 vetustissimus
1109 3601 1249 3667 omnium
1265 3601 1320 3680 sit,
1341 3606 1378 3667 ut

249 3728 270 3773 a
291 3706 468 3773 certissimo
498 3708 701 3791 quantumvis
726 3708 857 3775 ductae
885 3706 1071 3790 plerumque
1096 3706 1241 3771 lectionis
1262 3705 1374 3772 funda-

247 3817 365 3887 mento,
381 3814 482 3879 omnis
503 3834 616 3897 reapse
637 3813 795 3897 proficisci
817 3812 1094 3880 debetverborum
1112 3812 1306 3893 emendatio,
1328 3818 1378 3879 tot

249 3917 413 4003 tonusque
440 3916 578 3997 mendis,
608 3918 694 3984 haud
723 3938 796 3984 raro
825 3921 1022 3983 monstruose
1051 3917 1274 3983 aberrantibus
1304 3916 1377 3998 (cfr.

247 4022 375 4101 Quaest.
396 4021 476 4087 Plut.
499 4022 550 4087 III
568 4042 598 4106 p.
623 4030 661 4089 41
686 4027 763 4108 not.)
786 4023 969 4107 inquinatus
995 4028 1058 4101 est,
1087 4026 1137 4102 ut,
1168 4022 1273 4109 siquid
1301 4020 1384 4088 boni.

246 4124 283 4189 in
305 4124 357 4191 his
378 4125 571 4192 membranis
591 4126 772 4201 inveniatur
799 4126 850 4192 vel
870 4126 975 4193 minus
995 4127 1101 4194 vitiosi
1121 4147 1218 4210 quam
1237 4126 1272 4189 in
1292 4128 1376 4189 cete·

246 4227 301 4305 ris,
331 4225 447 4308 pusilla
476 4226 571 4292 huius
599 4229 814 4309 praestantiae
837 4228 907 4295 laus
936 4228 1069 4295 fortuita
1094 4228 1194 4312 magis
1221 4224 1377 4292 contineri

249 4326 398 4395 videatur
418 4329 536 4395 erroris
559 4330 724 4399 vacuitate.
767 4331 866 4417 Atqui
886 4332 914 4397 si
935 4332 1018 4400 nihil
1037 4330 1128 4397 nobis
1148 4333 1276 4410 praesto
1295 4335 1378 4397 esset

318 4509 345 4574 ¹³)
367 4511 513 4579 Procopio,
541 4519 570 4567 ut
593 4513 635 4565 his
660 4520 729 4579 utar,
754 4514 779 4565 in
809 4513 910 4567 deliciis
935 4520 975 4565 est
994 4513 1022 4571 ἐς
1044 4508 1074 4563 τὸ
1099 4508 1209 4579 ἀκριβὲς
1229 4507 1378 4580 φυλάττειν

247 4598 329 4651 veluti
355 4599 381 4653 b.
402 4614 427 4665 g.
446 4614 472 4666 p.
491 4600 556 4665 328,
579 4600 603 4654 d.
622 4616 647 4668 p.
668 4601 737 4666 432,
758 4602 786 4652 ll
807 4618 833 4667 p.
853 4602 919 4665 448,
943 4602 982 4652 12.
1009 4600 1036 4657 ἐς
1057 4596 1088 4651 τὸ
1115 4596 1225 4672 ἀκριβὲς
1248 4596 1378 4669 φυλακὴν

245 4692 391 4743 ποιεῖσθαι
408 4690 473 4741 dixit
490 4704 515 4756 p.
534 4690 601 4755 246,
621 4692 645 4744 t.
671 4688 782 4761 φυλακὴ
802 4687 887 4762 λόγον
911 4688 975 4749 άξία
995 4691 1108 4742 occurrit
1125 4705 1151 4756 p.
1170 4690 1233 4753 376,
1256 4690 1300 4754 18,
1323 4706 1377 4756 φσ-
1426 4740 1436 4751 ,

245 4770 394 4852 λακτὴριον
413 4774 629 4849 ἀπημελημένον
647 4776 683 4841 ὥς
700 4775 821 4849 μάλιστα
839 4794 865 4846 p.
884 4778 952 4843 360,
973 4779 1013 4832 12.
