3700 5625
924 605 1138 671 ...ης-

470 763 634 832 limamm
661 763 848 846 sdpcllatio,
875 784 1069 848 quamquam
1096 785 1117 830 a
1141 762 1230 830 nullo
1256 763 1320 832 alio
1348 772 1505 850 qnantum
1537 768 1619 835 scio

472 864 627 947 scriptore
647 862 836 950 signficats,
858 885 895 932 oo
916 883 1043 948 qnoque
1063 861 1208 929 videatur
1228 863 1460 947 quodammodo
1482 867 1616 935 oonfir-

469 967 569 1046 ucri,
600 967 686 1052 quod
714 967 800 1051 apud
828 966 978 1032 Ovidium
1004 966 1079 1032 Met
1102 966 1139 1045 V,
1163 972 1226 1035 269
1253 968 1363 1036 Musae
1393 971 1618 1037 nominantur

458 1071 546 1152 filice
558 1074 766 1150 mamasac,
790 1070 875 1158 quod
894 1071 1158 1155 metronymicum
1171 1071 1338 1138 videbatur
1352 1073 1513 1142 Lobockio
1538 1075 1561 1141 l
1578 1077 1616 1152 l..

468 1175 649 1244 ceccaum
669 1199 690 1246 a
712 1173 863 1264 Μνημώ,
888 1182 991 1243 matre
1012 1177 1186 1256 Musarum,
1208 1178 1264 1245 illo
1285 1180 1412 1247 nomine
1432 1179 1613 1264 adpellata

472 1281 514 1348 ab
536 1280 676 1364 Orpheo,
704 1283 786 1346 toste
808 1277 1032 1365 Olympiodoro
1061 1280 1102 1348 ad
1133 1280 1254 1347 Phileb.
1276 1302 1325 1365 ap.
1347 1281 1513 1371 Stellb.,p.
1537 1286 1612 1350 278

472 1385 556 1463 aliis,
578 1383 806 1469 quodnomen
821 1385 980 1450 recentior
1000 1385 1184 1470 mythornm
1205 1385 1327 1452 fabrica
1347 1387 1492 1454 consulto
1507 1388 1610 1454 adul·

471 1495 592 1558 terasse
613 1490 738 1557 videtin
759 1492 794 1556 in
817 1485 955 1577 Μνήμη.
1006 1491 1057 1558 Ad
1078 1491 1214 1558 similem
1241 1493 1399 1559 rationem
1411 1492 1506 1575 ¹opud
1531 1493 1609 1576 Hy-

472 1598 581 1684 ginum
602 1618 633 1682 p.
658 1603 696 1666 13
719 1598 766 1666 ed
790 1596 874 1664 Stav.
902 1599 1013 1665 Musae
1033 1597 1168 1665 audiunt
1189 1598 1272 1664 loris
1293 1605 1327 1665 et
1354 1603 1485 1665 Monetae
1505 1598 1611 1676 filiae,

471 1724 568 1788 quam
592 1707 736 1771 ldmamm
757 1704 891 1771 eandem
912 1725 981 1772 osso
1003 1725 1041 1770 ac
1063 1707 1266 1788 humocpnen
1289 1704 1499 1772 disertissimo
1530 1705 1610 1771 Livi

472 1801 646 1870 Andronici
660 1825 710 1887 ap.
721 1805 816 1870 Prisc.
828 1823 858 1887 p.
871 1809 931 1871 221
943 1803 982 1870 K
998 1805 1155 1871 evincitur
1166 1806 1355 1872 testimonio.
1398 1806 1609 1891 Quamquam

473 1927 582 1974 rursus
593 1909 652 1974 nni
669 1909 768 1974 trium
781 1909 951 1986 Musarum,
964 1929 1100 1992 quarum
1113 1908 1234 1977 cultum
1247 1908 1380 1974 Aloidae
1393 1910 1428 1973 in
1444 1908 1607 1976 Helicone

471 2015 691 2090 instituenmt,
721 2012 869 2078 Mnemon
891 2032 1006 2078 nomen
1026 2012 1164 2076 inditum
1184 2012 1281 2078 fuism
1302 2017 1413 2079 auctor
1436 2019 1488 2079 est
1507 2014 1607 2079 Paua
1677 2016 1678 2031 ¹

474 2117 534 2196 IX,
555 2123 604 2196 29,
620 2121 649 2184 2.
693 2115 756 2182 Sed
773 2117 851 2182 haec
866 2116 1028 2199 conpilare
1042 2117 1124 2182 nihil
1139 2137 1217 2199 opus
1231 2123 1292 2195 ost,
1314 2139 1386 2183 cum
1399 2121 1606 2200 praesertim,

470 2222 622 2307 quicquid
653 2227 821 2306 praeterea
849 2221 912 2287 dici
937 2222 1054 2304 potuit,
1083 2222 1290 2288 subtilissima
1319 2222 1461 2290 Lobeohi
1491 2223 1604 2307 dispu-

472 2325 593 2392 tatione
615 2329 802 2408 occupatum
826 2323 963 2391 videam.
1013 2323 1064 2388 Ita
1084 2324 1167 2388 nihil
1187 2324 1328 2406 profecto
1352 2325 1491 2407 inpedit,
1518 2347 1603 2410 quo·

471 2429 575 2496 minus
603 2428 654 2497 rel
682 2426 902 2494 deficientibus
931 2427 1119 2492 testimoniis
1140 2427 1246 2492 Musas
1271 2430 1407 2493 Μναῶο
1428 2428 1558 2495 nomine
1580 2451 1605 2495 a

470 2525 663 2610 quibusdam
681 2526 822 2604 Graecis,
844 2525 924 2592 alias
946 2525 1041 2592 alitor
1060 2527 1094 2592 in
1113 2527 1229 2593 fabulis
1249 2526 1405 2612 fingendis
1426 2528 1598 2615 diffinger-

473 2631 586 2717 disquo
611 2632 857 2709 hariolantibus,
885 2632 1034 2717 insigniri
1057 2636 1197 2719 potuisse
1219 2635 1374 2717 opineris,
1397 2636 1598 2721 quandoqui-

474 2731 547 2798 dem
560 2731 701 2800 eiusdem
721 2733 784 2813 rei,
806 2733 834 2797 si
855 2753 919 2797 non
940 2738 1162 2819 argumentum
1183 2734 1280 2818 plane
1301 2740 1436 2816 certum,
1458 2743 1493 2805 at
1513 2737 1597 2807 iudi·

470 2836 556 2906 cium
579 2836 733 2907 habemus
756 2836 790 2901 ni
813 2835 907 2903 fallor
921 2830 1008 2903 haud
1030 2838 1242 2920 spernendum
1265 2838 1360 2918 illud,
1380 2840 1465 2923 quod
1487 2841 1599 2909 Musas

358 2935 370 2945 ’
471 2938 646 3023 reperimus
660 2939 801 3007 invocari
817 2938 1008 3024 aliquotiens
1023 2939 1109 3023 apud
1115 2939 1303 3017 Homerum,
1318 2940 1437 3024 quippo
1452 2941 1598 3011 sollertes

456 3042 640 3111 ‘menoare
663 3041 881 3118 administram
908 3061 990 3125 quae
1011 3040 1100 3107 nulla
1121 3044 1204 3108 esset
1463 3091 1466 3097 .

595 3141 627 3213 oi
647 3142 694 3229 μὴ
717 3139 943 3226 Ὀλυμπιάδες
962 3146 1096 3226 μοῦσαι,
1118 3142 1201 3221 Διὸς
1222 3140 1386 3230 αἰγιόχοιο

593 3246 791 3333 θυγατέρες,
813 3240 1043 3331 μνησαίαθ’
1067 3241 1143 3312 ὅσοι
1164 3240 1232 3313 ὑπὸ
1246 3239 1349 3314 Ἴλιον
1369 3240 1478 3334 ἦλθον

470 3354 510 3437 (Β
531 3359 591 3422 191
617 3351 687 3439 sq).
731 3350 819 3427 Quae
840 3369 911 3417 cum
939 3349 988 3416 ite
1011 3348 1090 3427 sint,
1121 3370 1186 3417 non
1211 3350 1338 3417 videtur
1362 3352 1593 3437 ambigendum,

467 3460 550 3545 quin¹
562 3459 597 3527 in
611 3456 770 3541 corruptis
782 3454 943 3523 vocabulis
960 3450 1075 3542 ὥσπερ
1092 3453 1126 3522 ἐι
1142 3452 1221 3543 λείῳ
1239 3457 1340 3524 lateat
1353 3456 1486 3541 ahquid,
1509 3460 1593 3543 quod

469 3584 532 3647 qno
563 3565 634 3633 iuro
666 3568 752 3631 totus
783 3560 948 3629 Musarum
977 3560 1090 3627 chorus
1119 3564 1249 3629 Μνεῖαι
1277 3563 1516 3648 cognominatus
1543 3566 1593 3633 vel

469 3663 563 3729 unius
579 3662 763 3748 Polymniae
784 3684 900 3730 nomen
921 3662 964 3728 ad
983 3684 1091 3731 omnes
1110 3664 1247 3732 relatum
1268 3664 1377 3745 fuerit,
1405 3688 1465 3753 per
1487 3674 1588 3737 trans·

467 3764 619 3834 lationem
639 3764 779 3849 aliquam
800 3767 938 3848 indicet,
962 3765 1059 3855 idque
1077 3767 1242 3835 Platonica
1260 3767 1432 3838 locutione:
1454 3766 1588 3861 ὥσπιρ
1639 3846 1651 3855 ,

471 3864 515 3937 ds
535 3870 707 3938 ceteros
729 3870 798 3955 (cir.
819 3872 996 3940 Parmenid.
1017 3893 1048 3955 p.
1071 3877 1148 3938 157e
1173 3869 1210 3949 ἐξ
1230 3864 1387 3939 ἁπάντων
1410 3868 1445 3940 a
1465 3873 1589 3943 τέλειον

470 3968 625 4059 γεγονός)
646 3990 827 4054 expressum
847 3972 944 4038 hurso
964 3978 1056 4055 puto,
1083 3970 1169 4054 quod
1190 3976 1223 4037 et
1244 3971 1425 4041 littermum
1444 3996 1588 4060 magnam

468 4101 540 4145 oum
567 4078 623 4145 illo
651 4077 752 4144 altero
780 4077 1020 4144 similitudinem
1054 4077 1153 4143 habet
1181 4085 1214 4145 et
1241 4101 1279 4146 eo
1313 4103 1439 4166 quoque
1466 4083 1589 4149 videtur

465 4180 697 4266 quodammodo
718 4185 822 4245 tutum
842 4183 1015 4263 praestari,
1036 4182 1121 4265 quod
1140 4183 1329 4253 Plutarchus
1349 4187 1512 4253 Musamm
1531 4210 1584 4254 nu·

466 4290 547 4355 meri
564 4288 861 4372 interpretationem
878 4287 987 4369 paullo
1001 4288 1087 4354 infra
1106 4291 1249 4358 stabilire
1264 4298 1397 4357 conatur
1416 4294 1582 4359 sobmon

464 4389 523 4455 bus
539 4390 729 4474 quibusdam
746 4388 787 4454 de
803 4408 1006 4453 numerorum
1024 4391 1244 4457 convenientia
1259 4392 1536 4474 conclusiunculis,
1553 4396 1585 4460 in

375 4579 379 4587 .
466 4486 579 4585 quibus
600 4492 754 4561 rimandis
775 4492 1034 4578 explicandisque
1047 4500 1168 4563 veteres
1188 4498 1414 4582 mythographi
1436 4505 1469 4563 et
1489 4502 1581 4564 omni·

464 4621 520 4671 um
543 4599 680 4670 maxime
711 4600 838 4671 Tzetses
864 4598 998 4671 mirifice
1027 4602 1088 4669 sibi
1115 4603 1305 4691 placuerunt
1326 4603 1393 4691 (cfr.
1418 4602 1525 4670 Osann
1545 4603 1582 4669 ad

466 4704 641 4773 Cornutum
652 4724 682 4789 p.
695 4710 738 4771 11
748 4706 840 4792 sqq).
882 4704 1152 4787 Quemadmodum
1164 4707 1197 4773 in
1212 4707 1282 4771 loco
1295 4704 1441 4789 inprimis
1456 4707 1583 4794 notabili
