3700 5625
939 560 1210 664 -caq

487 725 720 816 gravissimum,
744 723 924 808 quodcum
946 724 980 788 in
1002 723 1154 807 proximis
1175 721 1352 806 praefracte
1382 728 1477 810 neget
1497 723 1606 808 aliqua

489 856 597 900 rerum
626 831 821 915 proprietate
848 829 1107 916 gravissimarum
1137 827 1208 894 tolli
1236 830 1503 908 communionem,
1535 849 1608 894 con-

490 938 661 1006 sectarium
678 943 728 1003 est
747 936 900 1002 amasiam
921 956 945 1002 s.
964 933 1131 1016 psaltriam
1151 955 1215 999 non
1236 933 1375 1016 potuisse
1390 933 1454 999 dici
1474 934 1510 998 in
1529 953 1613 998 com·

485 1063 614 1108 munem
642 1061 734 1104 usum
762 1039 936 1104 amicorum
964 1035 1005 1102 ad
1038 1056 1148 1102 cenam
1176 1035 1354 1102 adhibitam
1381 1035 1493 1112 fuisse,
1516 1034 1615 1099 immo

485 1144 520 1208 in
540 1142 733 1210 contrariam
752 1140 833 1206 haec
852 1143 979 1222 partem
1000 1137 1106 1202 efferri
1128 1137 1301 1219 oportebat.
1321 1137 1411 1216 Quod
1433 1159 1504 1202 cum
1525 1141 1614 1200 recte

484 1245 670 1312 iamdudum
695 1243 895 1327 intellegeret
921 1241 1084 1319 Reishius,
1115 1242 1249 1308 eximius
1276 1244 1383 1322 homo,
1406 1241 1614 1308 Plutarchum

483 1351 608 1418 dedisse
635 1347 839 1414 existimabat
867 1341 905 1411 οὗ
930 1347 1024 1412 κοινὰ
1055 1349 1159 1410 ccicc
1191 1347 1308 1434 φίλων.
1353 1347 1416 1413 Sed
1436 1348 1608 1429 inportune

484 1455 626 1538 lepidum
645 1453 724 1519 mihi
745 1453 806 1518 hcc
826 1451 952 1518 ridetur
973 1455 1006 1516 et
1021 1449 1085 1516 alia
1106 1451 1212 1532 potius
1232 1451 1419 1533 temptanda
1440 1449 1607 1528 medicina„

486 1578 551 1641 qua
577 1555 703 1638 planior
731 1554 901 1620 verborum
934 1552 1125 1618 constructio
1155 1557 1188 1618 et
1217 1555 1375 1620 sententia
1412 1553 1609 1619 restituatur.

482 1657 598 1723 Verbis
619 1657 705 1723 enim
722 1656 840 1723 leniter
852 1653 983 1719 mutatis
996 1653 1200 1720 Plutarchum
1220 1655 1267 1720 ita
1281 1657 1442 1738 scripsisse
1463 1658 1606 1738 suspicor

482 1753 567 1824 ἄλλ’
590 1750 674 1824 οὐδ’
698 1751 745 1822 iv
767 1755 933 1845 ἐρωμένην
953 1779 1004 1832 τις
1024 1746 1044 1841 ἢ
1061 1753 1229 1845 ψάλτριαν
1251 1751 1314 1844 ἥκῃ
1334 1753 1487 1840 κομίζων,
1512 1757 1610 1822 κοινὰ

481 1866 586 1932 ταῦτα
609 1859 735 1950 φίλων,
763 1859 831 1927 ἵνα
853 1859 898 1926 τὸ
922 1853 1027 1942 ὁμοῦ
1051 1856 1189 1925 πάντα
1214 1857 1408 1950 χρήματα
1436 1858 1619 1955 γίνηται,

482 1970 567 2038 κατὰ
597 1969 655 2036 τὸν
672 1965 900 2056 Ἀναξαγόραν
928 1967 959 2034 h.
982 1989 1007 2034 e.
1034 1970 1086 2032 sed
1111 1991 1146 2034 ae
1172 1975 1235 2033 tum
1263 1971 1378 2052 quidem
1406 1971 1516 2053 quondo
1542 1975 1610 2052 qais
1693 2061 1694 2068 ρ

480 2081 620 2142 omassum
640 2078 685 2141 vet
705 2076 866 2158 pcattram
886 2077 919 2136 in
941 2094 1038 2164 σαιαοι
1058 2075 1231 2151 adducorit,
1261 2077 1330 2161 Ιιοοο
1351 2079 1513 2138 communio
1539 2079 1608 2136 cunt

478 2187 648 2258 amicorum,
672 2185 705 2243 ut
725 2200 784 2244 ιωιι
804 2182 899 2242 aeaut
919 2178 998 2250 illud
1015 2169 1209 2260 Ἀυαοιαρονσι
1229 2199 1324 2241 omnes
1346 2199 1394 2242 res
1415 2197 1509 2240 αυιιυι
1521 2176 1605 2256 ficri.

480 2285 636 2354 Librariis
664 2283 817 2350 articulus
839 2279 877 2345 τί
900 2278 1044 2346 fraudem
1073 2279 1163 2358 fecit,
1194 2301 1288 2364 quem
1315 2302 1387 2348 cum
1413 2299 1609 2362 concoquere

483 2413 548 2456 nou
569 2392 705 2473 possent
724 2386 939 2469 depravarunt
957 2383 991 2446 in
1008 2379 1059 2459 τά,
1076 2401 1115 2448 ac
1129 2381 1228 2446 multo
1243 2379 1356 2464 opinor
1377 2379 1501 2446 facilior
1524 2373 1610 2460 ὁμοῦ

480 2491 624 2560 adverbii
640 2494 714 2573 post
735 2488 773 2553 τό
796 2491 865 2554 erat
886 2484 1058 2568 omissio.*)

563 2595 670 2661 Minus
688 2592 820 2670 lubrica
840 2595 877 2656 ut
898 2589 940 2653 ad
960 2589 1141 2653 institutum
1162 2607 1338 2652 sermonem
1358 2593 1508 2666 revertar,
1531 2607 1604 2669 sup·

477 2703 560 2786 petit
573 2699 722 2768 medendi
734 2697 794 2776 ria,
804 2696 933 2780 'quippe
955 2695 1090 2760 aliorum
1107 2693 1247 2758 locorum
1269 2694 1493 2774 conparatione
1508 2713 1602 2776 prae·

476 2809 664 2883 monstrata,
686 2801 785 2893 veluti
804 2801 840 2866 in
860 2801 922 2866 hoc
943 2798 993 2865 III
1016 2806 1044 2879 5,
1065 2805 1085 2866 2
1108 2820 1138 2881 p.
1155 2798 1245 2867 esth
1268 2801 1388 2879 ταῦτα,
1412 2789 1563 2887 εἷαιν**)
1587 2793 1605 2865 ὁ

483 2912 636 2999 Φλῶρος,
670 2900 823 2996 ι’ίνσικρυς
851 2902 899 2983 είς
927 2904 984 2971 τὸν
1011 2900 1178 2994 Πύρρωνα
1208 2904 1263 2970 διὰ
1293 2908 1352 2970 τοῦ
1372 2902 1607 2995 Πρωταγόρου

478 3017 576 3105 φέρει
592 3009 687 3102 ἡμᾶς.
721 3012 760 3078 In
776 3012 827 3077 his
843 3009 1113 3076 euidentissimum
1127 3012 1175 3073 est
1192 3002 1277 3093 ἡμᾶς
1298 3006 1408 3072 deberi
1427 3008 1547 3086 scribis
1570 3010 1607 3073 in

477 3115 539 3179 hoc
558 3134 675 3199 genere
700 3108 953 3192 interpolationis
982 3108 1067 3172 ultra
1094 3106 1222 3172 modum
1246 3105 1421 3173 luxuriatis.
1466 3108 1603 3173 Eodem-

477 3237 540 3300 que
560 3212 655 3279 modo
674 3210 844 3277 Plutarcho
863 3210 1084 3292 opitulandum
1104 3210 1139 3273 in
1159 3209 1299 3276 ciusdem
1320 3211 1514 3294 quaestionis
1535 3212 1607 3278 loco

474 3334 505 3397 p.
538 3310 632 3380 65211
663 3307 695 3376 oi
723 3308 760 3375 δὲ
792 3306 945 3386 πίνοντες
974 3307 1081 3375 nota
1114 3301 1258 3398 ίίνρατον
1287 3306 1489 3401 ἀμβλύτεροι
1519 3312 1608 3402 πρὸς

474 3416 535 3495 τὰς
557 3412 734 3493 συνουσίας
755 3410 830 3493 εἰσί,
854 3411 910 3479 καί
933 3413 1128 3502 σπείρουσιν
1145 3406 1248 3479 οὐθὲν
1267 3407 1314 3492 εἷς
1329 3413 1456 3499 γένεσιν
1472 3410 1607 3507 ἰσχυρὰν

541 3620 570 3685 *)
589 3620 714 3675 Similiter
731 3622 874 3675 titubarunt
893 3622 990 3675 librarii
1010 3623 1080 3691 apud
1098 3621 1250 3675 Nemesium
1267 3639 1292 3691 p.
1310 3623 1411 3689 stom,
1430 3625 1476 3677 ubi
1495 3628 1523 3677 in
1541 3628 1605 3681 cod.

472 3707 565 3760 Dresd.
587 3709 598 3757 1
621 3710 648 3760 in
667 3710 754 3762 verbis
773 3704 864 3763 πάντα
880 3710 912 3763 di
931 3700 966 3777 ἦν
984 3710 1093 3778 ἀληθῶς
1113 3707 1187 3781 ὁμοῦ
1205 3706 1336 3785 χρήματα
1364 3713 1417 3764 duo
1435 3719 1571 3779 postrema
1590 3732 1607 3769 e

473 3814 553 3849 mauu
570 3801 668 3850 receuti
685 3800 782 3851 inserta
801 3806 869 3853 sunt.
1034 3797 1037 3801 ’

541 3882 586 3952 *⁴7
606 3885 698 3938 Utrum
716 3890 812 3939 rectius
830 3889 966 3943 scribatur·
977 3886 1049 3941 ταῦτ’
1073 3880 1150 3942 εἶπεν
1169 3904 1202 3939 an
1220 3892 1304 3942 ταῦτα
1323 3884 1400 3945 εἶπεν
1418 3899 1444 3944 et
1465 3893 1493 3944 id
1512 3909 1602 3959 genus

474 3978 534 4042 alic,
552 3982 631 4043 prout
648 3992 718 4029 nunc
736 3983 777 4029 cst
795 3994 847 4044 res,
865 3979 942 4045 plane
964 3979 1144 4047 inconpertum
1162 3984 1202 4031 est
1222 3979 1292 4046 apud
1306 3980 1480 4035 Plutarchum.
1506 3982 1606 4045 Quem-

358 4075 361 4081 '
471 4070 587 4135 quumio
603 4082 662 4119 eam
679 4058 764 4133 maris
786 4068 882 4120 inclino
901 4072 1055 4121 sententiam
1068 4076 1096 4123 nt
1113 4069 1235 4135 vocales,
1255 4084 1323 4135 quae
1340 4073 1535 4135 pronuntiando
1555 4072 1607 4125 eli·

473 4157 609 4223 dabantur,
627 4158 654 4207 in
668 4154 809 4224 archetypo
822 4156 954 4209 Plutarchi
971 4157 1063 4211 litteris
1076 4160 1182 4224 saepius
1195 4173 1333 4225 expressas
1348 4148 1431 4211 luisse
1442 4162 1605 4226 existimem,

471 4259 550 4309 quem
569 4245 692 4297 omissas.
719 4243 848 4296 Videntur
864 4250 954 4312 autem
972 4245 1062 4298 Graeci
1083 4247 1134 4314 ipsi
1153 4248 1179 4300 in
1199 4246 1252 4299 hoc
1274 4262 1370 4313 genere
1388 4246 1454 4299 nihil
1472 4247 1606 4303 habuisse

469 4332 550 4383 fixum
568 4338 594 4383 et
612 4331 758 4396 delinitum,
780 4325 829 4383 sod
847 4331 881 4383 ad
898 4348 977 4385 suum
995 4347 1126 4398 quemque
1145 4335 1278 4388 arbitrium
1296 4349 1356 4387 cum
1374 4350 1478 4386 summa
1496 4336 1607 4391 licentia

467 4422 549 4473 modo
574 4420 627 4474 hoc
650 4423 731 4474 modo
760 4422 826 4474 illud
850 4428 1027 4489 praeoptasse.
1081 4424 1156 4487 Quod
1184 4426 1346 4478 monendum
1377 4425 1437 4477 duxi
1462 4424 1602 4493 Hirschigi

468 4520 557 4574 causa,
578 4520 658 4571 quem
675 4508 785 4559 nimium
810 4507 895 4560 tuisse
917 4509 944 4559 in
963 4506 1050 4559 hiatus
1068 4510 1185 4561 terminis
1203 4508 1246 4562 vet
1270 4508 1425 4561 coercendis
1447 4508 1490 4561 vel
1507 4510 1599 4575 prole-

457 4590 553 4648 'onds
571 4610 641 4649 nunc
659 4596 769 4661 quidem
786 4595 914 4666 constare]
924 4602 988 4665 puto
1010 4597 1068 4663 (etr.
1082 4596 1332 4652 Buechsenschuetz
1349 4598 1377 4651 in
1390 4596 1485 4650 Philol.
1502 4596 1601 4663 xviii,

468 4687 484 4740 a
502 4702 528 4756 p.
547 4687 618 4747 rao.
