3700 5625
897 611 1021 682 ..⁸54
1068 640 1106 652 .-

447 773 612 842 hauserint
636 771 764 855 pocula,
796 769 852 836 ubi
882 769 980 836 animi
1010 767 1152 864 adfectus
1180 767 1252 852 plus
1277 768 1360 834 iusto
1390 768 1577 851 perturbati,

447 878 582 945 mirifica
599 876 700 958 ipsius
720 873 787 938 vini
805 874 837 937 vi
858 871 1034 938 identidem
1055 872 1174 952 sumpti
1188 871 1305 936 sensim
1320 869 1574 953 defervesoant*)

446 983 577 1067 potique
593 979 633 1046 ab
649 978 806 1044 ebrietate
820 980 1055 1042 consenescant.
1099 973 1367 1052 Quemadmodum
1382 975 1436 1058 qui
1453 975 1572 1056 sopori-

448 1088 517 1156 fera
546 1090 677 1169 epotant
707 1082 792 1149 intra
822 1085 941 1147 iustum
971 1080 1148 1159 modulum,
1179 1080 1391 1146 turbulentius
1423 1079 1578 1146 concitari

448 1194 565 1272 solent,
587 1212 684 1274 quam
706 1189 760 1271 qui
781 1186 901 1272 largius
923 1187 970 1254 eis
989 1187 1038 1251 uti
1059 1186 1235 1252 iubeantur.
1279 1185 1363 1265 Quid
1380 1187 1415 1250 in
1436 1187 1487 1252 his
1508 1186 1578 1252 veri

447 1300 502 1377 sit,
533 1318 625 1362 nemo
653 1295 766 1377 opinor
795 1293 958 1378 ignorabit
982 1293 1164 1376 'quicunque
1185 1313 1334 1375 procaces
1356 1295 1419 1356 τῶν
1443 1286 1575 1358 ὑποπε-

450 1393 611 1464 πωκότων
628 1397 776 1476 expertus
797 1392 894 1458 fuerit
908 1412 1013 1458 mores
1028 1397 1122 1475 atque
1143 1391 1297 1469 licentias,
1318 1396 1349 1456 et
1363 1391 1464 1475 magis
1479 1391 1577 1456 etiam

447 1503 603 1581 patescet,
625 1519 697 1562 cum
713 1496 949 1578 conparaueris,
971 1495 1056 1580 quod
1074 1495 1256 1577 Propertius
1278 1496 1393 1561 cecinit
1414 1495 1454 1560 de
1473 1499 1576 1579 ltnpuo

448 1601 570 1662 adsiduo
590 1621 666 1662 πονο
686 1601 802 1681 sepulto
822 1619 944 1676 corum,
969 1598 1032 1680 qui,
1054 1603 1091 1662 ut
1110 1597 1216 1680 lepide
1238 1599 1389 1665 indicavit
1410 1599 1525 1664 Athen.
1546 1599 1575 1664 V

447 1722 476 1782 p.
506 1704 613 1766 180a·
634 1702 795 1766 τοσοῦτον
828 1696 983 1764 πίνουσιν
1015 1696 1101 1765 ὥστε
1127 1701 1212 1786 μηδὲ
1242 1707 1313 1779 τοῖς
1342 1698 1442 1797 ἰδίοις
1476 1700 1576 1766 ποσὶν

447 1801 620 1869 ἵστασθαι.
651 1803 755 1886 Atque
770 1804 832 1870 hoc
851 1804 981 1887 quidem
997 1805 1062 1869 vini
1084 1804 1272 1869 miraculum
1289 1826 1400 1887 reapse
1416 1806 1577 1872 veteribus

446 1929 511 1975 non
531 1910 675 1993 ignotum
695 1931 798 1992 neque
814 1910 1016 1993 inexpertum
1036 1909 1152 1989 fuisse,
1175 1915 1327 1976 testatum
1350 1911 1427 1976 facit
1448 1916 1578 1995 praeter

396 2084 402 2096 .
447 2011 645 2076 notissimum
666 2009 745 2075 illud
769 2005 847 2098 οἴνῳ
867 2009 923 2076 τὸν
943 2003 1032 2077 οἶνον
1052 2009 1103 2078 vel
1125 2009 1297 2100 κραιπάλῃ
1313 2009 1369 2098 τὴν
1387 2009 1577 2101 κραιπάλην

449 2112 632 2193 ἐξελαύνειν
648 2112 740 2198 (Plut.
754 2113 833 2178 Mor.
850 2134 879 2197 p.
897 2114 1054 2201 127f.)**)
1076 2113 1162 2180 idem
1179 2112 1362 2180 Athenaeus
1377 2115 1427 2180 III
1440 2136 1470 2198 p.
1490 2121 1576 2184 1090

448 2216 608 2309 καθάπερ
635 2212 873 2305 ἀνανήφειν
896 2215 1061 2296 πολλάκις
1087 2215 1213 2304 γίνεται
1235 2217 1307 2283 τὸν
1331 2216 1571 2302 μεθύοντα,

448 2322 504 2390 τάν
527 2318 628 2388 αὐτὸν
649 2319 777 2412 τρόπον
798 2317 876 2388 tut
897 2324 968 2408 τῆς
990 2317 1143 2409 ἡδονῆς
1166 2315 1349 2410 άναπεινῆν
1371 2321 1498 2411 γίνεται
1516 2325 1572 2389 τὸν

448 2425 619 2506 ἐσθίοντα,
642 2449 835 2511 quamquam
854 2428 910 2493 illo
932 2426 1001 2494 loco
1021 2428 1202 2510 discrepans
1222 2429 1399 2511 paullulum
1418 2452 1439 2495 a
1452 2431 1573 2509 Protea,

396 2551 400 2557 ’
447 2533 558 2616 quiin
580 2534 721 2598 convivio
745 2533 858 2599 Casani
881 2534 1073 2600 exclamasse
1094 2534 1228 2599 dieitur:

610 2631 628 2702 ὁ
653 2638 793 2703 πλεῖστα
817 2635 923 2703 πίνιον
948 2639 1090 2703 πλεῖστα
1113 2632 1415 2726 κεύφρανθήσεται.

532 2743 600 2808 Iam
621 2742 650 2807 si
671 2742 751 2806 haee
772 2741 820 2807 ita
839 2746 877 2807 ut
894 2741 960 2806 dixi
981 2743 1206 2825 interpretare,
1228 2764 1292 2808 non
1306 2741 1397 2810 video
1419 2744 1573 2828 quomodo

447 2859 533 2920 recte
555 2860 640 2920 stare
663 2854 839 2937 potuerint:
870 2851 976 2931 πολδς
998 2851 1061 2943 γάρ
1084 2849 1246 2919 εἰσελθών
1269 2845 1394 2939 (οἶνος)
1418 2852 1455 2917 τά
1477 2857 1572 2934 σῶμα

447 2960 735 3039 συνεξέκαυσε
771 2958 828 3025 καὶ
857 2954 1071 3025 κατανάλωσε
1108 2956 1147 3023 τὸ
1176 2958 1340 3043 μανιῶδες
1373 2961 1429 3046 τῆς
1457 2961 1571 3049 ψυχῆς.

447 3067 529 3133 Nam
560 3066 637 3150 quid
676 3066 807 3132 tandem
834 3072 882 3131 est
908 3066 982 3143 hoc,
1021 3067 1047 3130 si
1084 3066 1218 3130 multum
1248 3064 1415 3131 hauriatur
1442 3088 1571 3159 merum,

446 3195 511 3239 una
539 3194 611 3238 cum
632 3172 773 3255 corporis
793 3171 1041 3237 inflammatione
1063 3171 1162 3237 animi
1190 3168 1329 3237 furorem
1359 3171 1487 3238 sedari?
1530 3172 1571 3237 Et

446 3274 605 3360 quomodo
624 3274 704 3340 haec
722 3277 900 3357 congruunt
925 3294 997 3337 oum
1027 3272 1072 3337 eis
1098 3292 1180 3355 quae
1201 3270 1345 3353 proxime
1366 3277 1570 3353 promuntur:

446 3376 560 3467 ὥσπερ
583 3375 602 3468 ἦ
625 3375 800 3467 θρηνῳδία
823 3376 880 3443 καὶ
909 3370 928 3442 d
952 3374 1144 3464 ἐπικήδειος
1167 3370 1268 3453 αδλδς
1291 3374 1325 3441 ἐν
1348 3369 1433 3464 άρχῇ
1456 3372 1571 3454 πάθος

448 3488 532 3547 κινεῖ
550 3481 607 3548 καὶ
629 3478 772 3571 δάκρυον
795 3475 967 3564 ἐκβάλλει,
1001 3477 1159 3569 προάγων
1187 3478 1303 3567 δὲτὴν
1326 3479 1434 3569 ψυχὴν
1453 3476 1501 3560 εἰς
1522 3466 1571 3547 οἷ-

516 3776 542 3838 *l
561 3776 634 3831 Cont.
657 3781 769 3834 Macrob.
789 3780 891 3837 Saturn.
910 3781 972 3846 Vll,
1000 3784 1024 3847 7,
1052 3784 1097 3834 17:
1126 3784 1203 3835 Addo
1228 3785 1314 3850 aliud,
1341 3785 1448 3836 naturali
1474 3788 1571 3838 ratione

376 3884 379 3888 ·
446 3864 562 3916 ebrietati
582 3863 748 3915 dulcedinem
774 3882 932 3932 repugnare,
958 3867 1025 3917 adeo
1045 3874 1073 3919 ut
1091 3868 1188 3919 medici
1207 3885 1254 3919 uos
1275 3871 1319 3934 qui
1342 3884 1426 3935 usque
1451 3871 1483 3920 nd
1503 3872 1568 3937 pori-

447 3952 536 4003 enlum
555 3952 740 4004 distenduutur
751 3956 812 4004 vino
830 3954 942 4020 plurimo
962 3962 1058 4019 cogant
1076 3971 1197 4009 vomere:
1218 3964 1244 4007 et
1262 3964 1322 4022 post
1334 3959 1462 4009 vomitum
1482 3967 1571 4010 eontra

444 4042 547 4092 fumum
569 4042 623 4092 vini
642 4043 687 4105 qui
707 4042 828 4093 remansit
846 4042 873 4093 in
893 4046 968 4095 venis
988 4060 1082 4108 panem
1103 4044 1215 4097 oderunt
1240 4046 1318 4097 melle
1344 4046 1460 4111 inlitum,
1486 4055 1512 4098 et
1536 4050 1570 4100 ita

443 4126 580 4179 hominem
599 4130 633 4181 ab
651 4130 784 4181 ebrietatis
802 4120 871 4181 malo
889 4130 1003 4182 dulcedo
1023 4132 1146 4185 defendit.
1273 4186 1277 4195 ,

513 4213 558 4281 ”l
571 4217 647 4280 Quod
662 4219 809 4269 nasutiores
821 4219 974 4270 nostratium
988 4226 1110 4286 potores,
1127 4221 1223 4287 quibus
1239 4224 1345 4273 maiores
1358 4224 1460 4276 haurire
1473 4228 1571 4279 trientes

445 4325 494 4357 non
511 4319 548 4357 τοι
564 4308 662 4371 pudor,
681 4307 834 4373 pervulgato
855 4308 977 4358 acumine
998 4308 1088 4361 dicunt
1109 4310 1177 4374 pilos
1201 4312 1303 4361 caninos
1321 4330 1398 4377 super
1421 4317 1570 4367 stomacdnm

445 4392 575 4456 inponere,
595 4392 699 4455 quondo
717 4391 856 4443 hesternae
875 4394 1066 4457 conputationis
1085 4393 1246 4447 exhalandae
1263 4412 1343 4448 causa
1361 4415 1445 4451 novos
1465 4407 1571 4453 sumunt

446 4478 555 4547 cyathos
582 4493 642 4529 cum
664 4480 843 4546 salsamentis,
871 4482 1096 4547 quemadmodum
1122 4484 1155 4534 in.
1173 4480 1265 4536 darant
1292 4488 1418 4554 syuposio
1444 4491 1570 4541 convivae

444 4564 613 4632 perhibentur
629 4572 737 4630 potasse
754 4564 893 4639 εὐμαρῶς,
913 4564 1007 4640 ὥσπερ
1026 4566 1213 4622 ἀντίδοτον
1230 4569 1260 4623 ἐκ
1275 4573 1322 4637 τῆς
1334 4576 1469 4643 προτέρας
1482 4573 1568 4647 dapn-

444 4656 576 4711 τοποσίας
600 4646 789 4721 λαμβάνοντες
811 4656 882 4721 apud
901 4654 995 4731 Athen.
1015 4656 1051 4706 lV
1067 4672 1093 4722 p.
1115 4657 1202 4722 1300,
1227 4660 1299 4724 qnod
1318 4660 1382 4713 aliar
1400 4662 1495 4716 dicitur
1514 4660 1569 4734 ἥλῳ

450 4730 513 4796 ’λον
531 4740 693 4804 ἐξωθεῖται
711 4743 780 4810 apud
798 4742 917 4799 Eustath.
937 4746 964 4801 in
981 4748 1107 4803 Ananiam
1126 4752 1175 4803 ete.
1195 4755 1321 4820 martyras
1336 4766 1363 4818 p.
1383 4751 1427 4818 52,
1448 4754 1487 4811 12.

443 4893 460 4932 1λ
