3700 5625
686 611 900 672 ...⁵17-

227 771 361 858 fiugere=
396 771 436 838 τό
467 772 504 840 δέ
537 769 675 857 μόνιμον
713 765 752 838 οὐ
785 773 879 838 δοκεῖ
911 794 983 852 σοι,
1015 767 1098 860 ἔφη,
1128 777 1225 840 θεῖον
1256 765 1350 852 εἶναι,

227 872 355 963 εἴπερ
383 867 506 963 ἀρχει
536 873 713 942 πάντων.

312 978 433 1044 Eadem
456 979 627 1060 inportuna
649 978 818 1045 sciolorum
831 979 974 1046 sollertia
989 979 1207 1061 turpissimum
1221 981 1351 1062 hiatum,

225 1084 283 1168 qni
297 1083 419 1148 nullam
439 1081 589 1147 admittat
608 1083 848 1160 excusationem,
866 1082 1035 1148 Plutarcho
1056 1081 1191 1147 adfinxit
1201 1081 1271 1162 VII,
1287 1089 1315 1162 3,
1333 1092 1347 1150 1

225 1201 257 1263 p.
271 1187 359 1248 701c
380 1180 415 1244 in
430 1179 535 1246 verbis
555 1174 607 1256 τίς
620 1177 692 1267 μάρ,
715 1168 791 1266 etia,
818 1172 877 1244 οάκ
899 1171 998 1258 οἶδεν,
1023 1174 1076 1243 ὅτι
1097 1179 1237 1262 τοῦμὲν
1260 1178 1352 1245 οἴνου

226 1283 268 1349 τὸ
290 1284 393 1366 μέσον
416 1279 542 1368 γίνεται
551 1282 751 1364 βέλτιστον,
774 1285 833 1348 τοῦ
856 1278 885 1349 δ’
908 1279 1025 1348 ἐλαίου
1046 1279 1085 1347 τὸ
1105 1275 1280 1361 ἀνωτάτω,
1313 1286 1350 1350 τὸ

225 1387 265 1456 δὲ
284 1384 464 1456 κατωτάτω
486 1389 547 1452 τοῦ
564 1384 699 1467 μέλιτος
708 1417 718 1467 ,·
748 1379 819 1452 ὁδ’
843 1385 900 1451 έᾶν
929 1383 1060 1451 ἐκέλευε
1087 1386 1154 1451 τὸν
1181 1385 1352 1475 ἐνμέσῳ

228 1482 354 1554 οἶνον
373 1488 443 1554 κτλ.
487 1487 527 1551 In
547 1487 598 1551 his
619 1487 730 1552 mirari
750 1486 841 1565 licet,
863 1487 942 1570 quid
965 1487 1169 1552 Benselerum
1190 1489 1354 1570 inpulerit,

225 1599 263 1661 ut
281 1591 459 1675 exspectari
481 1595 636 1657 statueret
659 1585 678 1654 ὁ
700 1585 730 1655 δ’
752 1590 811 1656 ἐᾶν
834 1591 982 1656 ἐκέλευεν
1005 1589 1151 1676 ἐνμέσῳ
1173 1590 1229 1656 τὸν
1252 1585 1350 1674 οἶνον,

226 1703 318 1770 iussit
337 1722 388 1764 κοε
407 1705 508 1762 mcum
528 1701 562 1762 ίκ
581 1697 675 1763 moda
694 1697 770 1761 dolio
787 1701 898 1773 εἰναι,
927 1697 1019 1779 quasi
1047 1695 1134 1760 aliud
1154 1696 1232 1779 quid
1254 1699 1349 1782 signi·

224 1806 321 1873 ficare
348 1808 457 1885 posset
481 1801 618 1886 volgata.
669 1801 715 1865 Ut
741 1801 777 1865 in
797 1800 869 1866 aliis
895 1799 973 1864 locis
1000 1797 1042 1865 ad
1073 1789 1217 1886 ι’ίκρατον
1243 1798 1351 1866 πίνειν

226 1913 286 1975 etc.
310 1903 491 1987 explicandi
511 1923 607 1968 causa
627 1901 749 1966 scribae
774 1900 968 1966 addiderunt
991 1891 1095 1977 οἶνον,
1128 1901 1233 1984 quode
1256 1923 1352 1985 supra

225 2008 423 2096 admonitum
444 2010 501 2082 est,
518 2005 565 2071 ita
581 2004 634 2068 hic
650 2000 706 2068 τὸν
726 2002 865 2088 ἐνμέσῳ
889 2002 1001 2068 eodem
1022 2003 1173 2070 vocabulo
1186 2005 1354 2088 vitiarunt3

225 2108 334 2190 itaque
357 2098 447 2169 ιλνον
467 2103 546 2168 mihi
570 2101 891 2169 circumscribendum
911 2102 1045 2172 videtur.

314 2206 379 2276 sed
399 2207 478 2274 haec
499 2209 591 2270 extra
612 2225 739 2270 causam
760 2203 849 2268 dicta
874 2208 955 2270 sunt.
999 2204 1068 2272 lam
1087 2204 1226 2290 reliquos
1247 2207 1281 2272 in
1304 2207 1354 2274 his

226 2312 319 2377 libris
332 2311 425 2388 locos,
438 2311 473 2374 in
487 2308 602 2392 quibus
615 2287 770 2372 voc'alium
784 2309 950 2376 concursui
962 2314 1093 2392 propter
1106 2310 1352 2393 adspirationem

224 2415 391 2496 proximae
411 2413 537 2477 litterae
556 2411 650 2476 venia
669 2409 776 2476 danda
793 2410 946 2490 videatur,
968 2413 1112 2480 enotab0.

313 2518 361 2582 Ac
381 2517 520 2599 primum
545 2515 642 2598 paulo
667 2515 811 2580 timidius
838 2517 954 2583 accedo
983 2517 1024 2584 ad
1046 2517 1149 2584 locum
1169 2517 1273 2604 Symp.
1294 2521 1352 2599 ΙΙΙ,

229 2627 254 2699 1,
269 2619 291 2684 3
307 2640 339 2700 p.
356 2623 453 2695 blla,
474 2616 592 2701 quippe
613 2617 838 2682 inexcusabilis
857 2619 964 2683 hiatus
982 2619 1017 2684 in
1038 2620 1139 2686 vicem
1161 2642 1276 2688 novum
1296 2623 1352 2690 sed

224 2719 455 2797 excusabilem,
482 2723 519 2783 ut
539 2719 668 2800 opinor,
694 2718 863 2800 positurus.
906 2720 1070 2803 Leguntur
1095 2721 1142 2787 ibi
1168 2722 1247 2788 heae
1274 2719 1292 2788 ὁ
1317 2725 1354 2790 δέ

224 2826 394 2902 Διόνυσος
415 2821 578 2909 ἐνομίσθη
600 2861 637 2873 -
661 2822 718 2889 καὶ
739 2827 994 2911 στεφανοῦσθαι
1018 2824 1152 2903 διδάξαι
1173 2825 1249 2904 τούς
1269 2833 1354 2910 flou·
1431 2828 1439 2841 '

221 2928 399 3014 χεύοντας,
422 2922 468 3005 ὥς
487 2916 585 3015 ἧττον
604 2921 684 2993 ὑπὸ
704 2930 778 2993 τοῦ
798 2922 918 2995 οἴνου
940 2922 1135 3014 ἀνιῷντο,
1159 2931 1219 2995 τοῦ
1240 2921 1369 2995 κιττοῦ

225 3022 507 3114 κατασβεννύντος
528 3026 585 3113 τήν
606 3025 718 3111 μέθην
737 3029 780 3112 τιή
801 3022 995 3115 ψυχρότητι,
1020 3028 1135 3113 quibus
1156 3028 1353 3111 expeditissi-

224 3154 315 3199 mum
338 3128 514 3195 remedium
541 3127 703 3195 admoveri
723 3132 836 3209 potest,
864 3131 900 3192 ut
927 3127 1176 3210 transponantur
1203 3130 1238 3195 in
1266 3130 1351 3197 hunc

223 3238 358 3304 modum
373 3222 530 3320 ὥςῆττον
553 3228 736 3319 ἀνιῷντο
756 3226 931 3299 ἀπὸτοῦ
949 3228 1079 3313 οἴνου,
1103 3234 1249 3321 idemque
1264 3237 1355 3305 rideo

226 3340 387 3424 placuisse
405 3337 592 3414 Bensclero,
617 3341 843 3420 praeterquam
865 3336 950 3420 quod
969 3338 1128 3405 incautius
1157 3342 1269 3423 opinor
1300 3340 1355 3409 sed

224 3443 402 3513 excusabili
420 3440 653 3507 circumductus
673 3461 780 3507 errore
801 3440 929 3524 scripsit
951 3434 1087 3528 ἀνιηῦνθ
1109 3437 1188 3507 ὑπό.

313 3560 388 3626 Plus
409 3558 605 3626 difficultatis
628 3558 726 3625 habet
749 3557 829 3623 alius
844 3558 932 3623 locus
942 3557 1000 3635 III,
1015 3557 1356 3642 1,1p.645f--646a

226 3665 392 3754 καθάπερ
415 3661 447 3729 oi
461 3664 521 3747 μέν
543 3658 611 3729 ὑπὸ
625 3666 688 3728 τῶν
703 3663 909 3750 κεκλημένων
930 3656 1088 3749 ἀγόμενοι
1109 3662 1218 3751 φίλων
1240 3664 1298 3732 ἐπὶ
1315 3668 1354 3735 τὸ

224 3776 367 3840 δεῖπνον
395 3767 471 3835 ἔθει
500 3764 737 3857 φιλανθρώπῳ
763 3763 958 3854 τυγχάνουσι
985 3772 1049 3835 τῶν
1070 3762 1179 3836 αὐτῶν
1201 3809 1241 3824 --
1265 3770 1296 3838 ei
1317 3774 1355 3841 δέ

220 3902 278 3956 τις
300 3870 362 3963 ἀφ’
379 3870 480 3940 αὑτοῦ
498 3873 633 3957 βαδίζοι
649 3875 698 3944 (in
710 3874 853 3941 Parisina
873 3874 926 3939 vit.
943 3880 1066 3961 typogr.
1082 3873 1225 3963 βαδίζει)
1247 3872 1355 3967 τούτῳ

222 3983 281 4047 δεῖ
300 3975 360 4064 τήν
381 3974 493 4064 θύραν
521 3976 721 4063 κεκλῇσθαι,
750 3972 856 4051 οὕτως
886 3970 923 4040 αὶ
948 3974 1008 4059 μέν
1036 3975 1116 4066 περὶ
1144 3977 1203 4063 τήν
1230 3976 1356 4064 ἐδωδήν

221 4081 285 4149 καὶ
316 4075 417 4145 πόσιν
443 4071 562 4165 ήδοναὶ
587 4077 849 4164 κεκλημέναι
878 4072 958 4143 ὑπὸ
988 4082 1058 4166 τῆς
1088 4076 1256 4166 φύσεως
1281 4084 1355 4157 ταῖς

220 4178 379 4276 ὀρέξεσιν
411 4173 573 4262 ἑπόμεναι
601 4177 709 4244 τόπον
738 4174 867 4260 έήηουσι,
897 4182 972 4257 ταῖς
999 4176 1027 4245 δ’
1051 4172 1170 4257 ἀλλοις
1197 4174 1355 4265 ἀκλήτοις

220 4290 283 4357 καὶ
306 4286 366 4355 οὖν
389 4282 498 4354 οὐδενὶ
527 4281 615 4373 λόγῳ
645 4283 846 4373 φιληδονίας
875 4282 1099 4373 ἀπήλλακται.
1143 4286 1182 4350 In
1210 4286 1261 4351 his
1284 4293 1358 4369 post

220 4415 279 4470 ea,
309 4412 393 4476 quae
413 4410 511 4471 supra
539 4388 661 4453 monita
688 4392 778 4467 sunt,
800 4409 893 4454 nemo
924 4388 1060 4470 amplius
1088 4386 1128 4452 dc
1153 4387 1208 4453 hia
1222 4410 1244 4455 u
1271 4390 1357 4458 iuter

221 4496 429 4582 κεκλημέναι
459 4488 528 4571 ὑπό
564 4494 733 4561 laborabit.
776 4494 816 4558 ln
842 4493 995 4577 proximis
1023 4492 1193 4559 Plutarcho
1223 4495 1357 4565 f01tasse
1415 4515 1420 4524 '

219 4626 292 4671 non
311 4604 477 4687 ingratum
497 4600 637 4681 fecerim,
661 4602 689 4665 si
710 4602 816 4668 locum
834 4606 945 4683 aperte
964 4600 1112 4665 mutilum
1131 4601 1178 4668 ita
1199 4606 1356 4690 corrigam

217 4712 302 4789 ταῖς
325 4703 356 4774 θ’
374 4700 496 4783 ἀλλοις
517 4700 674 4791 ἀκλήτοις
695 4703 753 4771 καὶ
774 4704 831 4771 σὸν
854 4698 963 4770 οὐδενί
983 4700 1071 4793 λόγῳ
1086 4706 1354 4797 [παρούσαις]
