3700 5625
470 776 584 862 quibus
598 777 727 844 honoris
742 799 838 846 eausa
852 779 982 846 nomino
996 779 1196 847 Fridericum
1210 778 1405 861 Kranemm,
1423 781 1488 846 heu
1500 801 1607 865 quon·

470 883 544 950 dam
566 889 722 960 nostrum!
745 907 840 970 quem
860 886 954 951 nimis
979 883 1077 975 ἄῶριρ
1097 883 1236 973 θανάτῳ
1256 891 1288 952 61
1308 884 1400 951 nobis
1422 889 1456 950 et
1485 884 1611 949 litteris

440 1052 444 1062 .
472 989 685 1058 crudelissime
700 997 842 1074 ereptum
856 991 1003 1078 lugemus
1017 1013 1140 1071 omnes,
1154 996 1187 1059 et
1198 990 1510 1058 GarolnmSintenim
1520 989 1609 1070 uel,

471 1113 605 1177 quorum
619 1093 708 1172 alter,
731 1094 946 1161 consentiente
962 1096 996 1160 ni
1008 1094 1102 1161 fallor
1111 1094 1291 1160 Godolredo
1306 1094 1503 1172 Hermanno,
1523 1094 1605 1158 scri·

469 1197 608 1263 bendum
626 1199 791 1282 proposuit
810 1223 829 1262 κ
839 1191 904 1264 αθ’
921 1195 952 1264 ῶ
958 1224 1008 1288 ρα
1018 1225 1042 1279 ν,
1066 1199 1150 1284 quod
1168 1220 1225 1284 ego
1241 1199 1317 1264 olim
1334 1199 1369 1263 in
1384 1197 1525 1264 editione
1544 1197 1606 1262 Di-

471 1297 601 1364 dotiana
614 1299 777 1381 amplexus
792 1321 880 1365 eram
897 1299 1088 1379 dubitanter,
1108 1301 1191 1367 alter
1203 1300 1384 1382 nuperrime
1400 1298 1603 1366 commenda-

471 1405 528 1472 bat
538 1399 617 1470 καθ’
627 1399 756 1493 Ἱμέραν
767 1410 900 1489 propter
909 1405 1137 1492 Thucydtm,
1154 1414 1181 1486 1,
1197 1405 1281 1492 quod
1295 1406 1375 1471 mihi
1385 1425 1511 1490 quoque
1525 1405 1606 1470 olim

472 1509 506 1572 in
529 1514 666 1574 mentem
687 1508 809 1575 venisse
831 1509 970 1574 memini.
1014 1507 1151 1575 Videtur
1170 1514 1279 1574 tamen
1296 1529 1398 1592 neque
1413 1501 1493 1571 καθ’
1508 1503 1604 1594 ῶραν

472 1613 549 1678 satis
570 1613 758 1679 conveniens
781 1635 860 1692 esse,
890 1614 1041 1698 quoniam
1062 1613 1146 1698 quod
1165 1635 1229 1678 non
1251 1634 1307 1678 suo
1328 1618 1471 1694 tempore
1492 1616 1599 1677 custo·

472 1719 599 1785 divisset
608 1719 737 1803 Gylippi
759 1719 929 1785 adventum
956 1725 992 1784 ut
1014 1720 1140 1804 gravius
1164 1719 1345 1797 efferretur,
1375 1717 1464 1782 nulla
1485 1715 1605 1782 idonea

471 1828 541 1888 erat
562 1844 670 1900 cansa,
697 1843 769 1887 cum
790 1822 867 1887 satis
890 1827 974 1887 esset
1002 1827 1113 1887 notare
1146 1821 1249 1886 nullos
1275 1820 1404 1886 omnino
1425 1817 1601 1900 dispositos

470 1928 566 1994 fnisse
586 1927 710 2012 vigiles,
733 1949 867 2012 quorum
889 1948 965 2010 ope,
986 1927 1063 2011 qnid
1085 1931 1274 1993 eventurum
1295 1931 1392 2002 esset,
1415 1924 1506 2008 signo
1527 1923 1605 1989 dato

472 2032 695 2099 admoneretur
710 2029 825 2094 Nicias.
870 2027 980 2113 Neque
1004 2050 1061 2114 ego
1080 2028 1175 2095 hodie
1190 2027 1361 2094 admodum
1375 2026 1508 2091 laudare
1528 2045 1602 2107 pos-

473 2159 542 2203 sum
561 2129 641 2203 καθ’
659 2129 803 2224 Ἱμέραν,
837 2133 922 2220 quod
943 2135 997 2199 vix
1018 2140 1096 2218 puto
1117 2134 1158 2201 ab
1180 2134 1250 2217 ipso
1272 2132 1396 2198 Sinteni
1416 2130 1604 2196 etiamnunc

472 2240 608 2307 defendi
652 2239 726 2305 Iure
756 2239 840 2306 enim
869 2239 1062 2323 quaerimus,
1090 2237 1175 2304 unde
1205 2237 1388 2322 cognoverit
1412 2235 1523 2301 Nicias
1551 2235 1603 2300 vel

473 2365 563 2410 nosse
584 2342 725 2425 potuerit
750 2341 879 2426 Gylippi
907 2362 1003 2406 naves
1031 2339 1072 2406 ad
1099 2339 1263 2406 Himeram
1290 2337 1459 2421 appulsum
1479 2337 1534 2414 iri,
1567 2341 1605 2400 ut

471 2447 539 2512 illic
560 2446 758 2528 potissimum
779 2444 897 2510 milites
925 2443 967 2509 ad
996 2464 1106 2509 curam
1127 2442 1287 2508 custodiae
1317 2440 1482 2506 intendere
1504 2460 1599 2522 opor·

421 2567 423 2570 ·
471 2550 569 2624 teret3
590 2545 686 2608 immo
701 2543 926 2609 adventantem
942 2543 1072 2629 Gylippi
1088 2544 1219 2610 classem
1233 2544 1261 2609 si
1277 2542 1435 2609 custodire
1450 2541 1602 2608 volebant

472 2647 727 2732 diligentissime,
745 2668 785 2713 ne
798 2648 938 2730 inparati
952 2649 1216 2731 opprimerentur,
1231 2653 1300 2714 tota
1315 2669 1372 2714 ora
1384 2668 1443 2731 per
1455 2647 1601 2729 speculas

472 2751 660 2837 disponendi
682 2758 773 2820 erant
794 2751 951 2832 custodes,
974 2774 991 2820 e
1014 2753 1130 2838 quibus
1150 2756 1335 2837 prospectus
1350 2756 1434 2819 esset
1447 2751 1482 2817 in
1498 2751 1598 2817 altum

472 2876 574 2932 mare,
597 2859 633 2918 ut
653 2852 771 2919 tactum
785 2854 963 2936 reperimus
983 2876 1012 2920 e:
1022 2877 1049 2940 g.
1069 2854 1104 2918 in
1124 2853 1209 2920 bello
1226 2852 1343 2939 punico
1361 2852 1507 2931 secundo,
1528 2874 1598 2919 cum

472 2959 749 3043 Carthaginienses
761 2958 947 3043 Lilybaeum
961 2965 1067 3027 essent
1080 2958 1265 3041 occupaturi
1274 2957 1342 3044 (cfr.
1351 2958 1417 3024 liv.
1426 2958 1521 3037 XXI,
1536 2958 1597 3044 49).

470 3060 555 3127 Illud
569 3066 674 3127 autem
690 3082 755 3127 non
769 3062 942 3129 verendum
955 3063 1088 3142 videtum,
1109 3084 1151 3129 ne
1166 3062 1292 3129 mirifici
1307 3063 1458 3148 loquendi
1473 3065 1599 3150 generis

472 3162 623 3255 φυλακήν
645 3164 802 3252 καθαρὰν
827 3169 1008 3232 ποιεῖσθαι
1036 3166 1087 3233 vel
1108 3170 1269 3257 καθαρῶς
1292 3170 1473 3234 ποιεῖσθαι
1497 3168 1600 3235 socius

471 3271 641 3339 advocetur
661 3269 730 3353 ipse
753 3269 941 3348 Plutarchus
962 3272 996 3336 in
1016 3272 1125 3338 Timol
1152 3278 1205 3351 16,
1232 3272 1289 3338 ubi
1310 3272 1421 3340 scribit
1445 3269 1594 3360 πατρίδα

472 3372 633 3461 καθαρῶς
644 3368 700 3437 καὶ
710 3373 836 3449 πιστῶς
845 3369 1092 3459 διαφυλάττειν,
1101 3375 1152 3441 161
1160 3373 1436 3452 Demosthnaubi
1449 3378 1598 3441 narratur

471 3478 628 3562 quispiam
643 3479 806 3565 καθαρῶς
820 3472 944 3543 ἕκαστα
959 3475 1127 3566 πράττειν,
1151 3481 1201 3547 vel
1224 3502 1263 3547 ex
1284 3479 1417 3548 noviciis
1429 3480 1525 3546 Anna
1541 3480 1596 3546 Co·

470 3598 587 3643 mnena
597 3577 719 3655 116111,
735 3584 794 3660 5p.
807 3581 855 3656 30,
875 3581 912 3645 18
925 3581 1088 3669 καθαρῶς
1110 3580 1310 3670 τρέψασθαι
1327 3581 1386 3647 τὸν
1400 3577 1595 3660 ἀντίπαλον,

472 3682 639 3766 inquibus
660 3684 811 3765 exemplis
834 3706 873 3751 611
886 3686 1031 3767 proximo
1051 3687 1290 3754 occurrentibus
1311 3709 1403 3754 nomo
1426 3709 1490 3754 non
1512 3689 1598 3755 videt

470 3782 637 3873 καθαρός.
674 3788 764 3851 utin
785 3791 956 3857 notissimis
979 3792 1117 3881 aedepol
1141 3788 1258 3879 ἡδονή,
1288 3794 1373 3878 quod
1393 3794 1597 3877 interpretari
1676 3793 1677 3826 ¹

469 3886 545 3951 lieet
560 3884 703 3970 tiburtium
723 3892 895 3975 voluptutem
912 3895 960 3959 vel
980 3892 1119 3975 καθαρὰ
1136 3888 1231 3960 εὐδία
1252 3899 1378 3963 αι’ῶᾱανι
1401 3903 1495 3963 mora's
1516 3904 1593 3964 trun·

468 3992 643 4074 pusillitatem
665 3990 823 4074 (Meineke
846 3994 887 4058 ad
910 3995 1050 4078 Aleiphr.
1073 4017 1103 4078 p.
1132 4001 1220 4085 tra),
1251 4000 1345 4086 longe
1367 4002 1453 4067 aliud
1475 4002 1592 4088 signifi·

469 4112 554 4169 caro,
575 4114 670 4176 quam
686 4095 769 4178 qnod
789 4098 951 4164 commode
971 4105 1080 4163 nostro
1100 4101 1169 4166 loco
1186 4101 1250 4167 dici
1267 4106 1410 4187 potuerit
1426 4106 1494 4187 (cir.
1506 4106 1594 4191 Wyt

468 4194 552 4285 tenb.
576 4196 616 4261 ad
634 4196 716 4262 Plut.
736 4198 810 4265 Mor.
825 4221 855 4283 p.
874 4208 910 4267 41
926 4200 968 4285 i).
1001 4202 1079 4268 Cum
1100 4204 1185 4271 enim
1200 4207 1303 4273 nullas
1319 4207 1414 4291 plane
1430 4229 1489 4291 per
1508 4229 1595 4274 oram

469 4298 637 4381 dispositas
663 4303 759 4369 fuisse
780 4306 939 4371 custodias
959 4307 1028 4374 iure
1048 4309 1139 4375 nobis
1161 4309 1347 4377 concludere
1368 4311 1535 4377 videamur
1551 4333 1596 4397 *ex

468 4406 620 4486 proximis
643 4411 689 4493 τῷ
711 4411 924 4489 παντελῶς
955 4407 1190 4500 ὑπερορᾶσθαι
1213 4412 1270 4479 καὶ
1291 4419 1596 4503 καταφρονεῖσθαι,
1674 4417 1675 4420 ’

469 4507 552 4591 qnod
581 4509 685 4575 nrinus
713 4514 834 4580 sincere
862 4515 911 4580 vel
938 4514 1046 4598 paullo
1074 4516 1232 4582 incautius
1261 4518 1306 4584 eis
1336 4538 1409 4583 usus
1436 4518 1596 4586 diceretur

469 4610 587 4690 Nicias,
607 4622 811 4696 praepostere
825 4618 920 4702 plane
935 4619 1093 4685 adiectum
1112 4626 1201 4687 esset
1244 4620 1362 4698 Quodsi
1381 4628 1490 4689 tamen
1508 4628 1596 4690 recte

467 4714 700 4801 significaturus
716 4723 786 4783 erat
799 4726 916 4799 auctor,
935 4721 970 4787 id
985 4722 1069 4806 quod
1085 4722 1264 4805 praefracte
1280 4725 1474 4810 negaverim,
1493 4730 1595 4793 custo
1673 4761 1674 4766 1
