3700 5625
698 628 911 691 ...37-

243 796 368 856 volae
378 816 402 869 ς.
438 790 654 858 Adnmbratus
679 794 728 857 est
748 789 836 857 loeus
856 812 897 857 ex
911 790 1058 874 Xenoph.
1072 789 1179 876 Symp.
1194 790 1250 869 tx,
1267 798 1295 869 7,
1313 790 1370 858 ubi

240 902 312 979 post
340 898 541 963 saltationem
572 898 745 975 mimicam,
772 897 891 963 Bacchi
919 902 953 963 et
970 897 1127 964 Ariadnes
1157 898 1287 980 nuptias
1316 919 1367 965 re·

242 1006 506 1085 praesentantem,
528 1003 676 1068 convivae
690 1008 861 1068 narrantur
884 998 1309 1091 ἷόόντιςπεριβσβληκότας
1331 1025 1368 1068 σι

240 1096 405 1190 ἀλλήλους
418 1104 591 1189 (Bacchum
612 1109 645 1170 et
660 1104 846 1191 Ariadnem)
868 1102 924 1169 καὶ
946 1095 993 1181 ὣς
1015 1098 1063 1181 εἷς
1077 1098 1172 1189 εὐνήν
1193 1096 1367 1183 ἀπιόντας,

241 1200 272 1269 ol
293 1202 354 1287 μὲν
382 1196 509 1291 ἄγαμοι
537 1209 654 1292 γαμεῖν
679 1201 894 1288 ἒπιόμνιισαν,
928 1201 1020 1270 eide
1040 1200 1262 1290 γεγαμηκότες
1284 1196 1368 1269 ἅνα-

239 1305 357 1388 ὀόνσες
379 1305 438 1373 ἐπὶ
456 1307 534 1387 σούς
553 1305 683 1387 ἵππους
706 1302 900 1396 ἀπήλαυνον
922 1307 1011 1397 πρὸς
1031 1302 1232 1390 tristaveris
1253 1311 1367 1393 γυναῖ·

240 1436 313 1491 κας,
338 1407 433 1491 ὅπως
454 1410 580 1478 roricum
600 1410 740 1493 τύχοιεν.
789 1412 878 1490 Quod
901 1413 983 1479 alias
1004 1412 1204 1478 commodum
1225 1415 1274 1479 at
1292 1412 1364 1480 rad·

240 1518 449 1603 integraturo,
478 1517 633 1585 adcurate
661 1519 757 1603 spatii
785 1519 917 1586 lacunae
947 1519 1065 1585 codicis
1092 1541 1253 1597 memma,
1282 1519 1368 1603 apud

239 1622 442 1689 Plutarchum
462 1644 563 1706 paene
590 1624 824 1690 incommodum
847 1629 914 1705 est,
945 1622 1202 1709 quandoquidem
1230 1645 1289 1689 nec
1310 1626 1366 1709 qui

236 1733 513 1801 Vindobouensem
534 1756 591 1801 neo
612 1736 668 1820 qui
680 1734 839 1802 Parisinos
862 1735 1047 1802 scribebant
1071 1716 1196 1800 codices
1216 1756 1365 1821 magnam

237 1837 270 1901 in
284 1835 474 1901 lacunarum
495 1837 598 1919 spatio
613 1836 784 1903 indicando
798 1838 914 1902 mereri
928 1835 1095 1903 videantur
1106 1834 1211 1902 fidem.
1238 1835 1366 1901 Etenim

238 1962 306 2007 cum
325 1943 434 2006 sinon
452 1941 521 2023 ipse
541 1940 624 2007 liber
641 1940 914 2020 vindobonensia,
937 1947 972 2007 at
993 1947 1080 2008 certe
1100 1962 1215 2025 parens
1237 1942 1305 2007 eius
1326 1964 1366 2007 ex

237 2048 378 2115 codicillo
410 2050 574 2135 quadratis
598 2051 717 2117 litteris
747 2055 877 2118 exarato
907 2051 1084 2133 descriptus
1113 2050 1235 2117 censeri
1261 2055 1365 2133 queat,
1423 2136 1426 2141 ,

241 2154 273 2219 in
295 2153 469 2221 metiundis
491 2153 678 2219 lacunarum
699 2154 810 2237 spatiis
830 2153 923 2220 facile
945 2153 1111 2239 intelleges
1138 2151 1366 2237 quadratamm

237 2261 416 2327 litterarum
438 2260 504 2327 fere
526 2283 707 2327 mensuram
737 2260 953 2329 adhibendam
975 2282 1050 2327 esse.
1093 2260 1305 2344 Quamquam,
1327 2264 1364 2325 ut

240 2364 338 2429 omnis
375 2362 463 2429 absit
492 2363 691 2447 superstitio,
726 2364 925 2430 dissimulare
955 2363 1044 2440 nolo,
1080 2384 1121 2428 ne
1147 2362 1208 2427 hoc
1235 2360 1365 2445 quidem

238 2471 427 2537 adamussim
447 2470 612 2537 indubiam
633 2470 741 2536 danmi
763 2470 840 2537 dare
855 2492 947 2553 posse
966 2470 1147 2554 imaginem,
1169 2488 1242 2532 oum
1255 2467 1361 2535 ineru-

238 2572 294 2639 diti
317 2596 413 2658 saepe
434 2574 680 2641 describentium
699 2573 782 2640 oculi
797 2575 831 2640 in
847 2580 939 2641 tanta
959 2574 1001 2640 ad
1016 2595 1141 2641 errores
1162 2571 1363 2656 proclivitate
1468 2661 1472 2667 Δ

240 2678 386 2762 antiquae
411 2678 585 2760 scripturae
612 2678 745 2764 vestigia
767 2701 806 2745 ex
827 2679 1013 2745 lacunarum
1033 2678 1146 2760 spatiis
1165 2677 1238 2759 plus
1258 2677 1364 2743 minus

241 2778 409 2846 emicantia
424 2779 689 2846 conturbaverint.
712 2779 791 2848 Inde
802 2779 1029 2848 factumest-
1040 2785 1159 2847 namet
1173 2778 1296 2846 lacunis
1307 2800 1365 2846 sua

239 2884 300 2952 lata
310 2891 385 2953 sunt
396 2923 446 2964 -,
459 2892 502 2965 ut,
513 2908 576 2971 quo
587 2887 780 2954 recentiores
791 2887 856 2952 sint
870 2887 995 2953 codices
1008 2907 1046 2952 eo
1056 2885 1213 2969 ampliore
1222 2886 1360 2968 plerum·

240 3013 297 3074 que
313 2991 438 3057 ambitu
452 2993 564 3074 spatia·
577 2991 763 3058 lacunarum
784 2993 890 3058 notari
905 2991 1022 3070 videas,
1036 3013 1116 3069 cum,
1130 2994 1250 3075 quanto
1264 2991 1365 3076 magis

238 3101 355 3162 remota
373 3095 524 3181 antiquae
544 3095 627 3162 labis
642 3097 755 3182 imago,
777 3101 868 3163 tanto
882 3094 1044 3161 diffieilior
1057 3100 1141 3161 esset
1157 3116 1241 3161 nova
1253 3095 1358 3161 imita·

237 3200 329 3266 tionis
340 3201 478 3266 imitatio
493 3199 645 3286 tantoque
660 3201 791 3285 pronior
806 3200 950 3267 veritatis
965 3198 1165 3266 adulteratio.
1187 3199 1239 3264 lta
1252 3199 1287 3263 in
1301 3219 1365 3283 quo

238 3325 396 3370 versamur
415 3290 484 3370 loeo
502 3303 756 3374 Vindobonensis
776 3303 860 3370 liber
879 3303 1005 3369 litteras
1028 3326 1101 3384 σιιχι
1122 3324 1195 3368 eum
1215 3302 1364 3385 quinque,

239 3403 300 3468 cod.
321 3406 483 3472 Parisinus
511 3406 642 3472 uberius
666 3407 753 3473 haud
775 3406 871 3474 dubie
893 3429 965 3472 oum
985 3428 1097 3472 norem
1117 3406 1298 3471 litterarum
1316 3404 1361 3470 la·

239 3529 315 3575 euna
329 3510 466 3588 exhibet,
485 3509 526 3577 de
540 3510 709 3588 Vaticano,
731 3531 803 3588 uno,
825 3511 961 3578 sirecte
982 3509 1120 3587 memini,
1142 3505 1266 3574 saeculo
1281 3506 1359 3572 Vin-

302 3719 401 3773 Eadem
420 3723 516 3789 pagiua
533 3723 578 3776 nbi
598 3724 632 3774 de
649 3723 785 3775 locutione
802 3723 944 3774 Homerica
968 3718 1027 3791 ἅμα
1053 3715 1168 3791 πρόσσω
1189 3724 1237 3775 καλ
1256 3721 1363 3777 ὀπίσσω

246 3809 316 3858 rosia
333 3805 375 3856 vel
397 3801 531 3871 λεύσσεινΙ
550 3807 576 3858 in
595 3807 682 3860 verbis
700 3805 830 3859 Plutarchi
849 3823 880 3858 an
902 3806 959 3856 seni
977 3823 999 3858 s.
1018 3820 1073 3871 ger.
1091 3821 1160 3873 resp.
1180 3822 1206 3874 p.
1226 3809 1299 3860 raas
1316 3805 1365 3862 σόν

241 3889 268 3943 δὲ
286 3891 439 3964 στρατηγὸν
456 3889 516 3962 ἅμα
539 3889 653 3966 πρόσσω
670 3896 717 3947 καὶ
738 3893 843 3948 ὀπίσσω
866 3895 917 3952 (ila
936 3894 1005 3944 enim
1024 3894 1193 3947 scribendum
1214 3897 1283 3959 erat)
1309 3899 1364 3950 τῶν

241 3978 409 4050 πραγμάτων
425 3979 542 4052 ὁρῶντα,
562 3983 731 4036 delitescente
750 3983 874 4047 disserui,
903 3982 936 4032 ad
960 3984 1137 4035 coniecturam
1159 3999 1243 4036 meam
1263 3985 1361 4036 conflr-

241 4067 356 4119 mandam
386 4069 481 4120 vellem
510 4070 662 4122 reeordatus
690 4086 778 4122 essem
811 4069 929 4121 Senecae
959 4066 1252 4130 Ἀπσιιολσιιυνιιόσεως
1281 4086 1303 4123 o.
1330 4071 1362 4124 91

241 4157 333 4220 consul,
358 4159 427 4209 λσιιισ
451 4160 606 4224 quantamvis
626 4161 714 4225 veser,
740 4161 784 4224 qui
809 4178 905 4225 conpar
929 4161 998 4211 vide
1028 4156 1099 4230 ἅμα
1126 4155 1276 4229 πρόσσω
1304 4162 1363 4213 nel

241 4240 378 4298 ὀπίσσω.

304 4329 365 4396 Peg.
386 4332 427 4384 43.
448 4332 524 4396 Quod
544 4333 634 4401 Symp.
654 4333 695 4397 111,
713 4333 739 4395 6,
760 4332 776 4382 t
796 4346 820 4397 p.
840 4333 918 4384 65411
936 4347 984 4398 pro
1003 4327 1162 4384 ὀνόιλαστον
1181 4332 1284 4384 αοιιίααί
1300 4330 1365 4388 ἀνί-

240 4416 362 4488 ὀριιστον,
379 4421 490 4486 probare
508 4426 625 4486 poteram
650 4419 717 4472 loeis
744 4418 824 4472 Glem.
845 4420 915 4472 Alex.
936 4417 1031 4471 Strom.
1052 4417 1087 4469 tv
1107 4433 1132 4483 p.
1153 4419 1213 4483 566,
1234 4419 1264 4471 16
1283 4425 1311 4473 cl
1326 4417 1364 4471 Vl

240 4520 262 4570 p.
280 4505 338 4572 189,
359 4509 389 4559 12
407 4508 474 4560 aliis.

303 4597 362 4660 Peg.
381 4597 422 4649 49.
453 4597 529 4648 Adde
548 4597 637 4666 Symp.
652 4598 682 4660 ll,
697 4597 712 4647 2
730 4611 756 4663 p.
769 4595 846 4658 6351)
865 4589 983 4667 ὀπώραν
1000 4596 1038 4661 τῷ
1056 4597 1210 4648 κενοῦσθαι
1230 4591 1259 4647 τό
1279 4596 1360 4662 σῶμα

243 4679 366 4754 νεαρὰς
387 4682 490 4752 ὀρέξεις
508 4683 551 4739 ἀεὶ
569 4680 834 4757 παρασκευάζουσαν
852 4687 879 4734 et
896 4682 1052 4743 vitantes.
1072 4683 1107 4734 29
1125 4685 1171 4735 καλ
1189 4681 1302 4738 παιόιιῖς
1319 4677 1366 4731 ctat

242 4785 297 4822 τινα
313 4770 410 4842 καινὴν
427 4771 532 4844 ι’γόυνιλν
548 4775 730 4848 ἐπιφέρουσα.
