3700 5625
643 573 918 673 .-⁸¹··

245 740 313 820 (scr.
338 731 415 826 ἥκῃ)
438 731 583 820 κομίζων
606 736 702 802 κοινὰ
722 737 827 802 ταῦτα
848 736 931 823 (cod
947 735 1041 804 Vind.
1058 736 1152 803 addit
1170 739 1224 825 τὰ)
1249 737 1366 828 φίλων,

152 924 154 939 ι
245 840 316 909 ἵνα
346 839 396 907 rui
425 838 562 907 πάντα
595 834 733 926 [ὁμοῦ]
765 837 960 929 χρήματα
993 839 1164 928 γίνηται
1196 843 1281 909 κατὰ
1313 846 1370 912 τὸν

152 956 153 979 ³
242 940 475 1035 Ἀναξαγόραν,
498 947 561 1011 nisi
574 940 662 1029 ὁμοῦ
675 947 716 1012 ab
727 947 870 1012 Huttenc
889 945 1017 1012 demum
1030 947 1073 1012 ad
1088 948 1224 1013 aliorum
1237 950 1368 1033 scripta-

152 1070 153 1079 *
244 1073 316 1118 rum
335 1051 432 1118 fidem
452 1075 493 1118 ex
514 1051 698 1117 coniectura
725 1051 807 1115 nihil
829 1050 1084 1133 discrepantibus
1104 1053 1196 1118 libris
1217 1053 1368 1134 additum,

244 1159 463 1243 gravissimum
480 1158 601 1224 iaceret
619 1157 773 1222 indicium
793 1154 882 1222 aliud
903 1157 982 1241 quid
1002 1157 1056 1222 hic
1078 1157 1278 1240 delitescere,
1300 1185 1371 1228 cum

241 1264 430 1346 praesertim
447 1267 522 1345 post
542 1259 651 1326 ndum
674 1261 729 1344 qui
750 1260 910 1326 interierit
931 1254 1015 1342 ὁμοῦ
1044 1281 1146 1344 neque
1174 1263 1247 1328 aliis
1268 1286 1370 1349 neque

152 1376 153 1387 ’
240 1371 321 1436 mihi
350 1375 504 1453 exputare
532 1367 709 1451 contigerit
762 1365 930 1451 Singulare
960 1366 1057 1433 etiam
1092 1368 1166 1448 hoc,
1201 1370 1286 1453 quod
1315 1373 1369 1456 qui

242 1474 449 1557 Anaxagorae
473 1472 695 1536 scitamentum
723 1471 793 1534 triti
811 1471 914 1536 instar
935 1471 1094 1552 proverbii
1114 1480 1283 1555 usurpant,
1305 1499 1368 1543 non

243 1584 371 1644 tantum
391 1576 580 1642 Plutarchus
597 1575 667 1656 ipse
688 1573 764 1658 (cfr.
785 1594 815 1657 p.
839 1575 956 1658 6791),
977 1577 1205 1642 verumetiam
1223 1578 1313 1645 Plato
1334 1583 1369 1646 in

242 1686 338 1770 Gorg.
362 1705 393 1767 p.
415 1690 477 1751 465
490 1683 526 1762 d,
547 1683 583 1746 in
603 1679 772 1747 Phaedone
792 1701 822 1762 p.
846 1686 917 1747 721
938 1686 970 1745 et
991 1702 1069 1763 quus
1089 1681 1230 1748 Zellerus
1261 1686 1370 1752 citavit

152 1860 153 1871 ,
240 1792 363 1857 inhiat.
377 1789 455 1872 phil.
470 1788 541 1873 gr.I
555 1785 1079 1870 1167612,1111111111111111111,
1094 1785 1117 1864 I,
1133 1792 1153 1852 4
1167 1808 1197 1868 p.
1217 1790 1304 1854 1871
1320 1795 1369 1868 26,

152 1894 153 1907 ²
234 1896 421 1979 metaphys.
443 1891 505 1972 IV,
526 1898 546 1958 4
574 1911 605 1972 p.
629 1889 743 1957 111111)
766 1892 824 1966 25,
855 1886 943 1965 us
971 1908 1001 1968 p.
1026 1885 1137 1953 rosch
1161 1889 1214 1965 aa,
1247 1887 1326 1968 xu,
1350 1896 1369 1956 a

241 2023 271 2082 p.
290 1998 402 2068 166911
418 2002 468 2074 26,
491 1995 609 2079 aliique
623 2013 701 2076 quos
717 1992 882 2056 nominant
897 1988 1085 2056 Schaubaoh
1100 1989 1240 2075 Anaxag.
1257 1991 1367 2077 fragm.

241 2127 270 2187 p.
290 2109 332 2170 65
349 2123 418 2186 sqq.
451 2099 573 2164 Schcrn
587 2097 726 2180 Anaxag.
746 2099 780 2160 et
793 2095 925 2179 Diogen.
940 2093 1085 2176 Apollcn.
1101 2093 1214 2178 fragm.
1225 2117 1254 2176 p.
1271 2104 1308 2163 14
1324 2119 1370 2182 sq.

242 2207 423 2291 Schwegler
447 2203 489 2270 ad
511 2203 608 2268 Arist.
630 2203 769 2281 metaph.
793 2199 873 2277 XII,
895 2204 931 2276 2,
961 2198 1075 2281 quibus
1105 2219 1162 2282 ego
1192 2198 1370 2265 addiderim

243 2309 375 2376 Aristid.
404 2307 437 2372 II
465 2326 496 2388 p.
516 2309 592 2382 372,
615 2309 633 2369 5
664 2301 761 2366 Dind.
781 2329 825 2356 =
846 2321 876 2381 p.
897 2302 1013 2376 287,4
1040 2298 1126 2377 lebb,
1153 2303 1279 2366 mutum
1306 2322 1370 2366 non

243 2416 363 2499 ubique
382 2413 430 2477 ita
450 2411 533 2475 hanc
552 2407 745 2473 locutionem
764 2403 916 2480 inierunt,
938 2406 974 2468 ut
994 2395 1077 2484 ὁμοῦ
1095 2402 1212 2485 quippe
1233 2405 1370 2487 graviori

245 2523 387 2606 priorem
399 2516 569 2600 adsignent
580 2513 692 2590 locum,
709 2509 867 2576 constanti
880 2508 947 2574 iere
960 2528 1021 2572 usu
1034 2508 1125 2590 quasi
1140 2509 1302 2589 sancitum,
1317 2511 1372 2594 qui

244 2622 405 2692 dominari
419 2623 500 2688 solet
511 2621 547 2684 in
561 2617 745 2703 quotidiano
757 2614 962 2680 dicteriorum
976 2633 1043 2690 usu,
1056 2633 1115 2677 nec
1125 2612 1218 2679 facile
1230 2615 1373 2682 variatur

243 2728 306 2794 nisi
327 2726 437 2809 aliqua
458 2722 582 2788 ratione
603 2717 808 2783 dissuadente
823 2714 963 2797 (Inbeclc
983 2713 1120 2796 Paralip.
1134 2734 1165 2796 p.
1184 2717 1278 2797 55).*)
1320 2717 1372 2783 lta

243 2837 343 2901 etiam
363 2830 485 2915 placuit
506 2826 535 2894 S.
552 2826 709 2910 Chrysen.
729 2844 759 2905 p.
779 2827 855 2897 172,
874 2826 916 2887 22
939 2814 1022 2901 1111111
1046 2816 1154 2883 πάντα
1179 2818 1296 2905 φύρειν
1315 2823 1372 2888 καὶ

245 2943 383 3027 συγχεῖν,
415 2936 504 3002 cuius
523 2935 593 3001 lccc
614 2932 762 2998 subtilius
780 2929 877 2995 etiam
898 2926 1026 3008 scripsit
1046 2926 1216 3007 Procopius
1237 2926 1267 2991 h.
1290 2949 1317 2993 a.
1339 2948 1370 3011 p.

244 3052 313 3125 107,
326 3049 368 3110 20
381 3042 506 3127 §onata
520 3063 556 3106 rs
572 3037 628 3103 καὶ
641 3033 833 3101 daedaleis
844 3026 1008 3119 ἐπεφύκει
1023 3023 1143 3096 πάντα.
1167 3030 1300 3099 Accedit
1312 3033 1372 3101 hoc

249 3203 459 3218 μ

312 3307 342 3373 *J
362 3311 414 3374 lta,
432 3309 454 3360 si
472 3306 540 3359 baec
558 3320 708 3371 conponere
725 3304 802 3368 licet,
821 3304 893 3370 apud
909 3303 1078 3357 Plutarchum
1100 3305 1235 3357 delinitum
1253 3307 1373 3358 ordinem

246 3398 342 3451 servari
361 3397 484 3448 videmus
504 3396 530 3445 in
549 3386 646 3445 ἄλλοτε
664 3385 873 3459 1111111113
892 3388 989 3445 Sertor.
1006 3393 1017 3441 1
1033 3399 1058 3443 et
1077 3407 1144 3457 quos
1160 3393 1247 3445 citavit
1263 3394 1372 3447 Lobeclr

245 3487 262 3539 l.
281 3486 297 3539 Ι.
317 3502 344 3553 p.
358 3486 407 3550 56,
426 3484 523 3548 quibus
541 3481 638 3531 addam
657 3478 720 3531 lior.
742 3494 767 3544 p.
781 3478 854 3529 9471
871 3475 962 3546 811111.
981 3492 1006 3543 p.
1026 3479 1076 3531 639
1086 3480 1111 3531 d.
1141 3478 1230 3531 Semel
1249 3487 1373 3545 quantum

249 3577 306 3627 scio
327 3576 434 3626 inverso
451 3572 544 3623 ordine
560 3569 657 3635 legitur
679 3566 853 3635 1151111111.
873 3567 948 3619 64411
968 3558 1171 3626 dilucidiora
1194 3566 1374 3641 συμφερόμε-

248 3683 312 3731 νος,
338 3661 411 3727 quod
427 3660 591 3712 librariorum
614 3657 715 3707 incuria
739 3655 858 3721 elapsum
883 3670 944 3706 esse
969 3655 1117 3719 statuerim,
1140 3670 1200 3707 cum
1220 3660 1374 3731 praesertim

252 3754 325 3805 idem
343 3750 409 3802 ordo
430 3746 612 3801 obtinueritis
632 3738 729 3797 1111111
747 3736 828 3801 ἄλλος
844 3744 889 3794 111.
908 3742 973 3794 lior.
989 3756 1015 3807 p.
1032 3742 1128 3795 16451.
1147 3748 1173 3794 11
1189 3759 1215 3810 p.
1234 3746 1291 3799 956
1310 3753 1374 3812 etc.;

249 3838 348 3903 quibus
369 3831 495 3897 exemplis
516 3830 635 3881 adducor
652 3834 681 3880 ut
698 3829 770 3879 idem
785 3827 938 3893 ponendum
957 3828 1077 3892 suspicer
1094 3829 1120 3879 in
1136 3826 1227 3899 Symp.
1247 3847 1271 3896 p.
1293 3832 1375 3885 73311,

247 3927 276 3977 11
296 3924 389 3977 ceteris
406 3920 585 3987 paratheseos
612 3919 754 3984 generibus
772 3915 926 3968 Plutarchus
948 3916 1090 3981 perlectam
1108 3920 1298 3983 aequabilitatis
1316 3938 1374 3973 nor·

247 4026 320 4064 mam
338 4025 392 4061 non
411 4007 539 4074 serravit,
559 4011 602 4069 ut,
622 4019 684 4055 cum
702 4004 756 4055 lere
775 4004 872 4068 parsit
890 4002 1071 4067 exemplorum
1091 4020 1232 4069 numerus,
1253 4020 1305 4055 non
1324 4010 1375 4055 sta-

245 4103 333 4151 tutum
348 4096 457 4159 habeas,
476 4092 525 4145 utri
546 4092 869 4145 111111111111111111111
889 4094 1073 4147 adiudicanda.
1103 4092 1186 4145 lmmo
1204 4093 1375 4158 inaequalitas

244 4186 314 4237 haec
339 4183 402 4235 licet
426 4158 550 4234 1111111111
573 4181 701 4234 removeri
726 4182 825 4248 possit,
853 4186 941 4234 tamen
966 4182 1017 4233 nisi
1043 4184 1147 4247 gratim
1177 4196 1256 4233 causa
1280 4184 1375 4250 subsit,

246 4268 404 4323 sustinenda
433 4268 488 4320 erit.
531 4266 571 4318 Ac
593 4267 698 4318 videtur
727 4282 791 4318 saue
821 4280 873 4332 quc
900 4268 1006 4334 longius
1037 4267 1166 4320 delaberis
1196 4267 1230 4317 de
1253 4267 1377 4333 pristinae
1456 4260 1458 4268 ¹

247 4356 397 4423 graecitatis
416 4354 583 4419 auctoribus,
603 4358 674 4412 tauto
693 4354 753 4420 plus
772 4355 807 4405 dc
826 4358 964 4408 severitate
988 4354 1031 4406 illa
1050 4356 1233 4406 remittendum
1252 4372 1329 4423 esse,
1348 4365 1377 4411 ut

249 4446 283 4497 ab
303 4445 342 4495 sis
367 4444 412 4508 qui
434 4442 541 4494 traditas
558 4440 686 4493 lectiones
703 4441 730 4491 in
757 4440 810 4493 hoc
825 4443 968 4495 verborum
987 4438 1175 4491 conlocationis
1194 4454 1290 4505 genere
1309 4444 1378 4509 apud

249 4531 388 4595 aequiores
408 4528 556 4581 convellere
574 4544 628 4580 non
649 4530 707 4580 ausi
725 4528 786 4594 sint,
803 4529 908 4581 mollius
927 4526 1077 4579 consultum
1095 4526 1228 4594 videatur,
1248 4546 1326 4595 quam
1344 4532 1377 4583 ab

248 4622 292 4674 his
310 4623 356 4687 qui
374 4620 508 4688 parilitatis
527 4634 609 4674 causa
628 4621 716 4672 omnia
738 4621 773 4672 ad
790 4619 1006 4688 perpendiculum
1029 4620 1193 4672 severiorum
1216 4624 1293 4675 attice
1316 4600 1397 4673 scri?

250 4711 374 4765 1111111111
390 4709 481 4778 legum
498 4710 603 4776 exigere
620 4708 764 4763 maluerint

1199 4822 1215 4871 6
