3700 5625
702 569 938 635 -103...

247 733 407 817 poematia
441 732 558 800 adfinia
596 733 694 802 fuisse
726 733 853 820 genens
885 738 984 820 atquo
1020 731 1181 804 Theocriti
1208 724 1377 820 Ἡρακλῆς

247 835 473 926 λιοντοφόρος
491 839 618 906 similia

331 944 479 1013 Nondum
499 946 541 1012 ab
561 946 613 1012 his
629 945 721 1012 libris
749 945 915 1014 discedere
935 944 1024 1023 lieet,
1051 942 1113 1010 nisi
1145 961 1243 1008 unum
1272 939 1376 1008 adhue

245 1048 349 1118 loonm
367 1051 503 1133 pessime
521 1056 708 1134 corruptum
723 1069 918 1136 perpurgano
941 1052 1072 1117 conatus
1096 1068 1151 1116 oro
1169 1069 1210 1114 ex
1224 1045 1307 1114 libro
1318 1045 1373 1114 lu

245 1152 295 1218 Ibi
315 1158 389 1235 post
408 1153 571 1238 ingentem
597 1155 759 1233 lacunam,
791 1154 827 1220 in
850 1153 1034 1238 quaestione
1058 1155 1095 1218 13
1118 1154 1151 1218 et
1171 1149 1242 1232 ipsa
1262 1148 1371 1218 desur-

245 1259 313 1320 lala
334 1250 479 1342 πότερόν
508 1253 581 1322 ἔστι
597 1250 836 1345 πιθανώτερον
857 1255 896 1322 τὸ
917 1251 1056 1344 ἀρτίους
1085 1243 1172 1320 εἶναι
1191 1249 1270 1330 τοὺς
1289 1248 1373 1334 σύμ-

248 1350 541 1446 metuebatque
573 1350 594 1444 ἢ
623 1354 817 1448 τιιριττοὺς,·
846 1379 877 1441 p.
898 1365 986 1426 7410
1007 1358 1068 1426 hoo
1094 1355 1148 1424 edi
1175 1355 1257 1424 solet
1276 1356 1294 1395 *
1315 1355 1373 1396 **

249 1452 361 1544 ὅρκοις
388 1450 417 1522 δ’
438 1447 563 1546 ἀνδρας
582 1457 827 1545 ἐξαπατητέον,
856 1456 914 1526 καὶ
943 1451 961 1524 ὁ
985 1453 1168 1536 Γλαυκίας,
1198 1450 1280 1541 Ἕνα)
1301 1455 1373 1538 μὲν,

247 1554 319 1646 ἔφη,
344 1558 430 1628 κατὰ
443 1559 684 1651 Πολυκράτους
706 1555 835 1651 ἀκήκοα
857 1565 917 1630 τοῦ
934 1558 1096 1652 τυράννου
1117 1559 1296 1647 λεγόμενον
1314 1559 1372 1628 τὸν

248 1663 344 1750 λόγον
372 1669 508 1732 τοῦτον·
538 1664 627 1748 οἰκὸς
655 1668 693 1737 δὲ
719 1668 778 1736 καὶ
806 1665 885 1735 καθ’
915 1664 1036 1757 ἑτέρων
1065 1666 1243 1753 λέγεσθαι·
1273 1668 1313 1735 σύ
1334 1667 1373 1736 δὲ

248 1767 331 1857 πρὸς
357 1765 393 1835 σι’
412 1773 511 1838 τοῦτο
536 1770 682 1861 ἐρωτᾷς;
712 1769 789 1838 Ὅτι
809 1772 848 1859 νὴ
871 1769 941 1838 Δία
960 1765 999 1854 (ὃ
1022 1773 1158 1848 Σῶσττις
1185 1765 1272 1858 ἔφη)
1294 1768 1373 1849 τούς

247 1872 303 1955 μὲν
326 1874 455 1951 παῖδας
473 1867 699 1963 ἀστραγάλοις
720 1868 798 1962 ὁρῶ,
821 1872 899 1951 τούς
922 1869 952 1940 δ’
971 1868 1236 1961 Ἀκαδημαϊκοὺς
1258 1866 1372 1957 λόγοις

248 1973 479 2066 ἀρτιάζοντας·
510 1972 689 2067 οὐδὲνγὰρ
718 1976 760 2046 οὶ
780 1981 976 2047 τοιοῦτοι
1005 1969 1217 2060 στόμαχοι
1250 1973 1371 2062 larom-

248 2103 341 2168 ρυυσι
362 2083 430 2147 τῶν
444 2079 652 2171 ἐρωτώντων,
675 2080 821 2172 πότερον
842 2075 944 2172 ἀρτια
962 2084 1003 2171 τῇ
1016 2078 1104 2169 χειρὶ
1122 2075 1368 2167 συναιλρφότος,

247 2182 265 2275 ἢ
284 2187 427 2276 περιττὰ
447 2185 680 2256 συντείνουσιν.
715 2188 825 2257 Sermo
845 2196 895 2258 est
907 2189 949 2256 ds
968 2187 1174 2272 philosophie,
1193 2186 1249 2271 qui
1269 2186 1372 2253 imm

205 2326 211 2344 ·
247 2294 466 2376 sophistarum,
477 2299 515 2360 ut
524 2294 609 2362 Gelli
618 2294 725 2360 verbis
739 2300 812 2360 utar
823 2293 954 2380 (aaa
976 2293 1018 2379 2),
1033 2312 1134 2375 neque
1149 2290 1251 2376 hugis
1266 2311 1369 2375 noque

247 2417 358 2478 operae
376 2396 505 2480 probae,
518 2418 554 2464 aa
568 2397 604 2462 in
621 2396 831 2464 theorematis
844 2401 970 2462 tantum
980 2394 1148 2480 nugalibus
1158 2399 1191 2462 et
1200 2393 1370 2476 puerilium

246 2503 446 2589 isagogarum
465 2504 784 2574 oommeutationibus
812 2503 1031 2582 obleetabant‚
1053 2507 1090 2568 ut
1110 2503 1167 2587 qui
1188 2502 1371 2570 insolubilia

249 2607 444 2688 problemata
468 2607 566 2676 ueluti
594 2607 635 2676 de
655 2630 787 2676 numero
815 2609 981 2676 stellarum
1000 2630 1179 2694 arenaeque
1207 2613 1371 2676 necterent

249 2713 335 2796 (Plat
357 2713 496 2798 Euthyd.
517 2734 547 2796 p.
570 2714 684 2801 2941)),
706 2715 757 2783 rel
785 2714 859 2783 inde
880 2737 902 2782 a
920 2715 1059 2798 pueritia
1080 2714 1249 2782 lirlmuntaa
1269 2717 1368 2782 sooria

248 2817 435 2901 suppingere
450 2816 577 2883 soivisse
593 2820 689 2900 atque
709 2816 825 2883 fratrea
839 2816 1015 2883 nubilorum
1029 2819 1063 2881 et
1075 2814 1287 2897 porcellomm
1298 2835 1369 2883 essa

247 2921 483 3001 mundarent,
510 2924 608 3007 volgus
627 2924 799 2988 πιοαῖαιαυι
818 2927 984 3000 homerum,
1007 2926 1061 3005 qus
1079 2944 1111 2989 οι
1131 2922 1240 2987 Stoma
1259 2944 1368 2989 υιαιοιι

243 3038 352 3113 porat
371 3037 492 3115 αίνορκτ
511 3032 660 3095 veteram
680 3036 709 3095 et
729 3035 916 3111 ανυνιοονκοι
930 3030 1066 3113 fulipiae
1085 3029 1118 3092 ob
1138 3030 1232 3093 οοαῑοι
1251 3030 1369 3093 ουσιαο

249 3141 320 3200 lium
348 3140 427 3200 ebolo
460 3140 662 3201 masmae
694 3136 869 3218 diepam
898 3155 998 3199 υοννιιο
1033 3137 1252 3199 emittetur.
1306 3132 1369 3201 Sed

248 3237 392 3305 mirificas
412 3238 509 3320 plane
531 3238 672 3305 rationes
692 3236 1113 3320 inveneruntinterpretes,
1141 3239 1179 3300 ut
1201 3232 1234 3301 οὶ
1255 3237 1368 3301 τοιοῦ-

252 3366 302 3408 τοι
329 3341 493 3425 στόμαχοι
522 3341 599 3426 quid
632 3346 738 3409 essent
771 3342 975 3425 explicarent.
1039 3341 1179 3420 Quorum
1205 3341 1262 3425 qui
1291 3336 1369 3406 στό-

249 3470 348 3529 μαχοι
367 3446 556 3530 simpliciter
572 3446 866 3529 interpretabantur
886 3445 1082 3531 οἰονουοΙιο*),
1111 3444 1217 3511 neseio
1243 3466 1285 3511 au
1308 3445 1369 3511 hoo

249 3550 378 3619 sanarint
395 3552 532 3619 obseura
550 3550 689 3634 quadam
708 3550 924 3634 provincialis,
954 3549 981 3616 ai
1002 3549 1084 3615 bene
1104 3548 1248 3629 memini,
1270 3550 1366 3617 male·

246 3657 334 3738 dieti,
361 3660 396 3725 in
427 3658 545 3743 plebeii
572 3657 671 3724 etiam
696 3658 851 3724 sermonis
881 3655 1077 3723 oommeroiia
1108 3654 1271 3742 gliscentis
1301 3679 1365 3725 me-

247 3766 356 3845 moria,
388 3766 441 3831 oui
469 3786 533 3850 quo
560 3765 697 3831 maiores
724 3764 922 3830 adderentur
950 3764 1091 3831 marinio
1120 3764 1239 3845 aerlei,
1268 3765 1370 3833 inloto

246 3872 432 3938 nostratium
452 3891 540 3937 more
558 3870 722 3955 aliquanto
737 3868 968 3957 significantius
987 3868 1177 3957 subiungere
1199 3876 1371 3955 potuerant

248 3976 435 4042 adieetirum
454 3975 624 4041 formatum
645 3997 666 4041 a
684 3996 883 4060 pererrem,
904 3979 941 4040 ut
961 3975 1142 4059 philosophi
1164 3977 1220 4041 isti
1242 3976 1367 4058 conpel-

248 4075 303 4141 lati
333 4076 469 4143 fumaent
496 4080 653 4141 massono·
681 4081 802 4161 pereim'
827 4077 848 4142 'a
879 4100 907 4143 e.
938 4078 1121 4164 Suumupm!
1168 4078 1208 4142 In
1234 4098 1315 4162 quo,
1342 4079 1370 4143 si

246 4180 379 4264 scriptor
398 4200 510 4247 revera
529 4200 605 4245 naus
624 4186 711 4247 esset
735 4180 891 4247 eiusmodi
912 4182 1104 4266 periphrasi,
1129 4202 1225 4266 quam
1247 4181 1370 4250 scilieet

246 4304 306 4348 non
326 4283 501 4351 verendum
519 4289 581 4364 est,
604 4306 645 4351 ne
664 4286 831 4375 quisquam
847 4287 932 4355 iusto
953 4287 1116 4357 liberalius
1136 4286 1370 4357 condonaturum

309 4532 340 4599 *J
354 4535 532 4587 Kaltwaaeer:
550 4534 626 4588 Danu
644 4534 730 4587 releba
743 4537 842 4604 Μαρια
860 4538 919 4589 aiud
936 4537 962 4588 ln
981 4550 1027 4603 gar
1042 4535 1128 4589 nichts
1142 4552 1194 4590 von
1208 4539 1368 4606 denjenlgen

244 4618 459 4685 emaculatus,
478 4621 525 4672 die
541 4622 641 4673 eaden
657 4621 765 4689 men,
785 4624 823 4676 ob
839 4623 905 4687 (lor,
924 4636 982 4674 was
1003 4624 1044 4675 ala
1060 4622 1088 4674 lu
1107 4622 1156 4675 der
1171 4622 1247 4677 llaed
1272 4624 1367 4690 heber,

244 4706 337 4769 gendo
355 4705 420 4759 oder
436 4705 572 4773 ungenda
590 4707 632 4760 iat.
