<?xml version="1.0" encoding="UTF-8"?>
<!DOCTYPE html PUBLIC "-//W3C//DTD XHTML 1.0 Transitional//EN"
    "http://www.w3.org/TR/xhtml1/DTD/xhtml1-transitional.dtd">
<html xmlns="http://www.w3.org/1999/xhtml" xml:lang="en" lang="en">
 <head>
  <title>
</title>
<meta http-equiv="Content-Type" content="text/html;charset=utf-8" />
  <meta name='ocr-system' content='tesseract 3.04.00' />
  <meta name='ocr-capabilities' content='ocr_page ocr_carea ocr_par ocr_line ocrx_word'/>
</head>
<body>
  <div class='ocr_page' id='page_1' title='image "./vindiciarumplut00doehgoog_0103.png"; bbox 0 0 3700 5625; ppageno 0'>
   <div class='ocr_carea' id='block_1_1' title="bbox 164 796 167 831">
    <p class='ocr_par' dir='ltr' id='par_1_1' title="bbox 164 796 167 831">
     <span class='ocr_line' id='line_1_1' title="bbox 164 796 167 831; baseline 0 0"><span class='ocrx_word' id='word_1_1' title='bbox 164 796 167 831; x_wconf 83' lang='lat' dir='ltr'>l</span> 
     </span>
    </p>
   </div>
   <div class='ocr_carea' id='block_1_2' title="bbox 688 667 902 733">
    <p class='ocr_par' dir='ltr' id='par_1_2' title="bbox 688 667 902 733">
     <span class='ocr_line' id='line_1_2' title="bbox 688 667 902 733; baseline 0 -19"><span class='ocrx_word' id='word_1_2' title='bbox 688 667 902 733; x_wconf 71' lang='lat'>..35-</span> 
     </span>
    </p>
   </div>
   <div class='ocr_carea' id='block_1_3' title="bbox 239 797 1413 1030">
    <p class='ocr_par' dir='ltr' id='par_1_3' title="bbox 239 797 1413 1030">
     <span class='ocr_line' id='line_1_3' title="bbox 240 797 1413 922; baseline -0.003 -18"><span class='ocrx_word' id='word_1_3' title='bbox 240 839 324 904; x_wconf 90' lang='lat' dir='ltr'>nimis</span> <span class='ocrx_word' id='word_1_4' title='bbox 344 837 543 917; x_wconf 75' lang='lat' dir='ltr'>extimescat,</span> <span class='ocrx_word' id='word_1_5' title='bbox 572 835 790 922; x_wconf 85' lang='lat' dir='ltr'>quaerendum</span> <span class='ocrx_word' id='word_1_6' title='bbox 819 797 862 902; x_wconf 87' lang='lat' dir='ltr'>sit</span> <span class='ocrx_word' id='word_1_7' title='bbox 882 835 1020 902; x_wconf 79' lang='lat' dir='ltr'>breritne</span> <span class='ocrx_word' id='word_1_8' title='bbox 1052 834 1128 902; x_wconf 91' lang='lat' dir='ltr'>olim</span> <span class='ocrx_word' id='word_1_9' title='bbox 1151 834 1304 918; x_wconf 88' lang='lat' dir='ltr'>scriptum</span> <span class='ocrx_word' id='word_1_10' title='bbox 1324 835 1360 901; x_wconf 93' lang='lat' dir='ltr'>in</span> <span class='ocrx_word' id='word_1_11' title='bbox 1409 853 1413 859; x_wconf 80' lang='grc'>’</span> 
     </span>
     <span class='ocr_line' id='line_1_4' title="bbox 239 932 1359 1030; baseline -0.004 -23"><span class='ocrx_word' id='word_1_12' title='bbox 239 942 314 1007; x_wconf 93' lang='lat' dir='ltr'>hunc</span> <span class='ocrx_word' id='word_1_13' title='bbox 333 939 462 1007; x_wconf 93' lang='lat' dir='ltr'>modum</span> <span class='ocrx_word' id='word_1_14' title='bbox 483 935 600 1030; x_wconf 75' lang='grc' dir='ltr'><em>ὥσπερ</em></span> <span class='ocrx_word' id='word_1_15' title='bbox 621 932 694 1004; x_wconf 71' lang='lat' dir='ltr'>cols</span> <span class='ocrx_word' id='word_1_16' title='bbox 720 939 801 1027; x_wconf 81' lang='grc' dir='ltr'><em>πυρὶ</em></span> <span class='ocrx_word' id='word_1_17' title='bbox 823 935 915 1017; x_wconf 82' lang='grc' dir='ltr'><em>ξύλα.</em></span> <span class='ocrx_word' id='word_1_18' title='bbox 959 939 1117 1022; x_wconf 88' lang='lat' dir='ltr'>Perquam</span> <span class='ocrx_word' id='word_1_19' title='bbox 1135 936 1288 1004; x_wconf 81' lang='lat' dir='ltr'>credibile</span> <span class='ocrx_word' id='word_1_20' title='bbox 1310 942 1359 1004; x_wconf 90' lang='lat' dir='ltr'>est</span> 
     </span>
    </p>
   </div>
   <div class='ocr_carea' id='block_1_4' title="bbox 165 1037 1360 1123">
    <p class='ocr_par' dir='ltr' id='par_1_4' title="bbox 165 1037 1360 1123">
     <span class='ocr_line' id='line_1_5' title="bbox 165 1037 1360 1123; baseline -0.005 -14"><span class='ocrx_word' id='word_1_21' title='bbox 165 1056 166 1061; x_wconf 77' lang='grc'>’</span> <span class='ocrx_word' id='word_1_22' title='bbox 239 1044 316 1109; x_wconf 92' lang='lat' dir='ltr'>enim</span> <span class='ocrx_word' id='word_1_23' title='bbox 344 1042 385 1108; x_wconf 81' lang='grc' dir='ltr'>τὰ</span> <span class='ocrx_word' id='word_1_24' title='bbox 414 1041 450 1109; x_wconf 74' lang='grc' dir='ltr'>ἓν</span> <span class='ocrx_word' id='word_1_25' title='bbox 472 1041 584 1108; x_wconf 88' lang='lat' dir='ltr'>eodem</span> <span class='ocrx_word' id='word_1_26' title='bbox 612 1041 681 1107; x_wconf 89' lang='lat' dir='ltr'>iure</span> <span class='ocrx_word' id='word_1_27' title='bbox 709 1039 794 1123; x_wconf 89' lang='lat' dir='ltr'>apud</span> <span class='ocrx_word' id='word_1_28' title='bbox 814 1039 1020 1105; x_wconf 77' lang='lat' dir='ltr'><strong>Plutarchum</strong></span> <span class='ocrx_word' id='word_1_29' title='bbox 1055 1037 1360 1123; x_wconf 76' lang='lat' dir='ltr'>conglutinationem</span> 
     </span>
    </p>
   </div>
   <div class='ocr_carea' id='block_1_5' title="bbox 238 1138 1359 1644">
    <p class='ocr_par' dir='ltr' id='par_1_5' title="bbox 238 1138 1359 1644">
     <span class='ocr_line' id='line_1_6' title="bbox 238 1138 1357 1228; baseline -0.003 -18"><span class='ocrx_word' id='word_1_30' title='bbox 238 1166 323 1228; x_wconf 89' lang='lat' dir='ltr'>passa</span> <span class='ocrx_word' id='word_1_31' title='bbox 341 1165 409 1210; x_wconf 84' lang='lat' dir='ltr'>csse</span> <span class='ocrx_word' id='word_1_32' title='bbox 430 1148 526 1227; x_wconf 83' lang='lat' dir='ltr'>atque</span> <span class='ocrx_word' id='word_1_33' title='bbox 548 1140 590 1208; x_wconf 81' lang='grc' dir='ltr'>τὰ</span> <span class='ocrx_word' id='word_1_34' title='bbox 612 1138 767 1227; x_wconf 75' lang='grc' dir='ltr'><em>ἔμπαλιν,</em></span> <span class='ocrx_word' id='word_1_35' title='bbox 792 1140 834 1208; x_wconf 74' lang='lat' dir='ltr'>cd</span> <span class='ocrx_word' id='word_1_36' title='bbox 855 1140 988 1208; x_wconf 78' lang='grc' dir='ltr'><strong><em>ἐναντία</em></strong></span> <span class='ocrx_word' id='word_1_37' title='bbox 1010 1141 1135 1220; x_wconf 83' lang='lat' dir='ltr'>similia,</span> <span class='ocrx_word' id='word_1_38' title='bbox 1160 1142 1207 1209; x_wconf 86' lang='lat' dir='ltr'>vel</span> <span class='ocrx_word' id='word_1_39' title='bbox 1231 1143 1287 1208; x_wconf 84' lang='grc' dir='ltr'>καὶ</span> <span class='ocrx_word' id='word_1_40' title='bbox 1313 1140 1357 1222; x_wconf 79' lang='grc' dir='ltr'>ἐν,</span> 
     </span>
     <span class='ocr_line' id='line_1_7' title="bbox 238 1239 1359 1332; baseline -0.001 -21"><span class='ocrx_word' id='word_1_41' title='bbox 238 1246 288 1312; x_wconf 77' lang='grc' dir='ltr'>καὶ</span> <span class='ocrx_word' id='word_1_42' title='bbox 306 1243 380 1325; x_wconf 78' lang='grc' dir='ltr'><em>ἐπί,</em></span> <span class='ocrx_word' id='word_1_43' title='bbox 412 1246 470 1312; x_wconf 83' lang='grc' dir='ltr'>καὶ</span> <span class='ocrx_word' id='word_1_44' title='bbox 492 1245 545 1325; x_wconf 82' lang='grc' dir='ltr'>ἐκ,</span> <span class='ocrx_word' id='word_1_45' title='bbox 583 1267 717 1330; x_wconf 90' lang='lat' dir='ltr'>quorum</span> <span class='ocrx_word' id='word_1_46' title='bbox 746 1247 816 1312; x_wconf 92' lang='lat' dir='ltr'>loco</span> <span class='ocrx_word' id='word_1_47' title='bbox 845 1245 952 1311; x_wconf 83' lang='lat' dir='ltr'>editur</span> <span class='ocrx_word' id='word_1_48' title='bbox 981 1239 1041 1310; x_wconf 79' lang='grc' dir='ltr'>κᾶν</span> <span class='ocrx_word' id='word_1_49' title='bbox 1064 1245 1159 1332; x_wconf 82' lang='lat' dir='ltr'>(Mor.</span> <span class='ocrx_word' id='word_1_50' title='bbox 1179 1267 1209 1329; x_wconf 88' lang='lat' dir='ltr'>p.</span> <span class='ocrx_word' id='word_1_51' title='bbox 1233 1251 1311 1312; x_wconf 85' lang='grc'>1061</span> <span class='ocrx_word' id='word_1_52' title='bbox 1323 1245 1359 1330; x_wconf 89' lang='lat' dir='ltr'>b)</span> 
     </span>
     <span class='ocr_line' id='line_1_8' title="bbox 239 1347 1359 1439; baseline 0.001 -23"><span class='ocrx_word' id='word_1_53' title='bbox 239 1347 316 1418; x_wconf 81' lang='grc' dir='ltr'><em>κύπύ</em></span> <span class='ocrx_word' id='word_1_54' title='bbox 333 1352 381 1438; x_wconf 82' lang='lat' dir='ltr'>(p.</span> <span class='ocrx_word' id='word_1_55' title='bbox 407 1355 535 1436; x_wconf 83' lang='lat' dir='ltr'>1047a)</span> <span class='ocrx_word' id='word_1_56' title='bbox 560 1347 622 1416; x_wconf 82' lang='grc' dir='ltr'>κάκ</span> <span class='ocrx_word' id='word_1_57' title='bbox 646 1353 697 1434; x_wconf 92' lang='lat' dir='ltr'>(p.</span> <span class='ocrx_word' id='word_1_58' title='bbox 720 1357 811 1420; x_wconf 79' lang='lat' dir='ltr'>assa</span> <span class='ocrx_word' id='word_1_59' title='bbox 838 1353 1225 1439; x_wconf 65' lang='lat' dir='ltr'>praesumptam).</span> <span class='ocrx_word' id='word_1_60' title='bbox 1268 1353 1359 1420; x_wconf 85' lang='lat' dir='ltr'>Licet</span> 
     </span>
     <span class='ocr_line' id='line_1_9' title="bbox 240 1455 1358 1538; baseline 0 -17"><span class='ocrx_word' id='word_1_61' title='bbox 240 1478 272 1521; x_wconf 86' lang='lat' dir='ltr'>ex</span> <span class='ocrx_word' id='word_1_62' title='bbox 298 1457 347 1521; x_wconf 91' lang='lat' dir='ltr'>his</span> <span class='ocrx_word' id='word_1_63' title='bbox 375 1456 416 1522; x_wconf 93' lang='lat' dir='ltr'>de</span> <span class='ocrx_word' id='word_1_64' title='bbox 444 1457 554 1521; x_wconf 89' lang='lat' dir='ltr'>multis</span> <span class='ocrx_word' id='word_1_65' title='bbox 581 1455 654 1522; x_wconf 89' lang='lat' dir='ltr'>aliis</span> <span class='ocrx_word' id='word_1_66' title='bbox 677 1456 885 1538; x_wconf 83' lang='lat' dir='ltr'>suspitionem</span> <span class='ocrx_word' id='word_1_67' title='bbox 919 1478 1054 1523; x_wconf 83' lang='lat' dir='ltr'>movere.</span> <span class='ocrx_word' id='word_1_68' title='bbox 1105 1457 1157 1524; x_wconf 88' lang='lat' dir='ltr'>Sic</span> <span class='ocrx_word' id='word_1_69' title='bbox 1185 1457 1265 1524; x_wconf 91' lang='lat' dir='ltr'>mihi</span> <span class='ocrx_word' id='word_1_70' title='bbox 1294 1463 1358 1522; x_wconf 82' lang='lat' dir='ltr'>no&#39;n</span> 
     </span>
     <span class='ocr_line' id='line_1_10' title="bbox 239 1558 1352 1644; baseline 0.004 -20"><span class='ocrx_word' id='word_1_71' title='bbox 239 1558 379 1639; x_wconf 86' lang='lat' dir='ltr'>diffiteor,</span> <span class='ocrx_word' id='word_1_72' title='bbox 411 1580 493 1644; x_wconf 87' lang='lat' dir='ltr'>qnae</span> <span class='ocrx_word' id='word_1_73' title='bbox 529 1559 673 1627; x_wconf 90' lang='lat' dir='ltr'>codicum</span> <span class='ocrx_word' id='word_1_74' title='bbox 706 1565 818 1642; x_wconf 86' lang='lat' dir='ltr'>sponte</span> <span class='ocrx_word' id='word_1_75' title='bbox 847 1562 1045 1628; x_wconf 69' lang='lat' dir='ltr'>sescentiens</span> <span class='ocrx_word' id='word_1_76' title='bbox 1074 1562 1154 1629; x_wconf 89' lang='lat' dir='ltr'>elisa</span> <span class='ocrx_word' id='word_1_77' title='bbox 1188 1563 1352 1628; x_wconf 85' lang='lat' dir='ltr'>inveniun-</span> 
     </span>
    </p>
   </div>
   <div class='ocr_carea' id='block_1_6' title="bbox 165 1657 1353 1753">
    <p class='ocr_par' dir='ltr' id='par_1_6' title="bbox 165 1657 1353 1753">
     <span class='ocr_line' id='line_1_11' title="bbox 165 1657 1353 1753; baseline 0.002 -23"><span class='ocrx_word' id='word_1_78' title='bbox 165 1698 166 1701; x_wconf 37' lang='lat'>¹</span> <span class='ocrx_word' id='word_1_79' title='bbox 215 1669 285 1730; x_wconf 60' lang='grc' dir='ltr'>,λοι</span> <span class='ocrx_word' id='word_1_80' title='bbox 312 1657 457 1730; x_wconf 79' lang='grc' dir='ltr'><em>κύπειαα</em></span> <span class='ocrx_word' id='word_1_81' title='bbox 497 1669 531 1731; x_wconf 90' lang='lat' dir='ltr'>et</span> <span class='ocrx_word' id='word_1_82' title='bbox 559 1659 724 1742; x_wconf 80' lang='grc' dir='ltr'><em>κάκεῖνος,</em></span> <span class='ocrx_word' id='word_1_83' title='bbox 759 1664 894 1731; x_wconf 88' lang='lat' dir='ltr'>meliora</span> <span class='ocrx_word' id='word_1_84' title='bbox 931 1665 1032 1731; x_wconf 88' lang='lat' dir='ltr'>videri</span> <span class='ocrx_word' id='word_1_85' title='bbox 1072 1689 1110 1734; x_wconf 88' lang='lat' dir='ltr'>ac</span> <span class='ocrx_word' id='word_1_86' title='bbox 1145 1669 1246 1753; x_wconf 82' lang='lat' dir='ltr'>magis</span> <span class='ocrx_word' id='word_1_87' title='bbox 1281 1669 1353 1734; x_wconf 90' lang='lat' dir='ltr'>Plu-</span> 
     </span>
    </p>
   </div>
   <div class='ocr_carea' id='block_1_7' title="bbox 239 1769 1357 1854">
    <p class='ocr_par' dir='ltr' id='par_1_7' title="bbox 239 1769 1357 1854">
     <span class='ocr_line' id='line_1_12' title="bbox 239 1769 1357 1854; baseline 0.005 -21"><span class='ocrx_word' id='word_1_88' title='bbox 239 1771 359 1836; x_wconf 86' lang='lat' dir='ltr'>tarchea</span> <span class='ocrx_word' id='word_1_89' title='bbox 389 1792 486 1854; x_wconf 86' lang='lat' dir='ltr'>quam</span> <span class='ocrx_word' id='word_1_90' title='bbox 505 1792 586 1854; x_wconf 86' lang='lat' dir='ltr'>quae</span> <span class='ocrx_word' id='word_1_91' title='bbox 614 1771 718 1837; x_wconf 87' lang='lat' dir='ltr'>rarius</span> <span class='ocrx_word' id='word_1_92' title='bbox 739 1771 839 1836; x_wconf 88' lang='lat' dir='ltr'>multo</span> <span class='ocrx_word' id='word_1_93' title='bbox 868 1778 1057 1838; x_wconf 86' lang='lat' dir='ltr'>succurrunt</span> <span class='ocrx_word' id='word_1_94' title='bbox 1082 1771 1138 1839; x_wconf 81' lang='grc' dir='ltr'>καὶ</span> <span class='ocrx_word' id='word_1_95' title='bbox 1165 1769 1283 1838; x_wconf 71' lang='grc' dir='ltr'><em>ἔπειτα</em></span> <span class='ocrx_word' id='word_1_96' title='bbox 1306 1774 1357 1839; x_wconf 78' lang='lat' dir='ltr'>vel</span> 
     </span>
    </p>
   </div>
   <div class='ocr_carea' id='block_1_8' title="bbox 165 1875 1355 1963">
    <p class='ocr_par' dir='ltr' id='par_1_8' title="bbox 165 1875 1355 1963">
     <span class='ocr_line' id='line_1_13' title="bbox 165 1875 1355 1963; baseline 0.003 -23"><span class='ocrx_word' id='word_1_97' title='bbox 165 1910 166 1913; x_wconf 34' lang='lat'>¹</span> <span class='ocrx_word' id='word_1_98' title='bbox 240 1875 288 1943; x_wconf 84' lang='grc' dir='ltr'>καὶ</span> <span class='ocrx_word' id='word_1_99' title='bbox 307 1877 440 1955; x_wconf 72' lang='grc' dir='ltr'><em>ἐκεῖνος,</em></span> <span class='ocrx_word' id='word_1_100' title='bbox 465 1879 501 1943; x_wconf 93' lang='lat' dir='ltr'>in</span> <span class='ocrx_word' id='word_1_101' title='bbox 522 1879 645 1962; x_wconf 89' lang='lat' dir='ltr'>quibus,</span> <span class='ocrx_word' id='word_1_102' title='bbox 665 1879 846 1963; x_wconf 87' lang='lat' dir='ltr'>ubicunque</span> <span class='ocrx_word' id='word_1_103' title='bbox 867 1879 1049 1947; x_wconf 87' lang='lat' dir='ltr'>mundiores</span> <span class='ocrx_word' id='word_1_104' title='bbox 1069 1881 1144 1948; x_wconf 90' lang='lat' dir='ltr'>libri</span> <span class='ocrx_word' id='word_1_105' title='bbox 1164 1879 1309 1958; x_wconf 86' lang='lat' dir='ltr'>suadent,</span> <span class='ocrx_word' id='word_1_106' title='bbox 1334 1905 1355 1943; x_wconf 91' lang='grc' dir='ltr'><strong><em>α</em></strong></span> 
     </span>
    </p>
   </div>
   <div class='ocr_carea' id='block_1_9' title="bbox 231 1982 1356 4878">
    <p class='ocr_par' dir='ltr' id='par_1_9' title="bbox 235 1982 1356 3013">
     <span class='ocr_line' id='line_1_14' title="bbox 240 1982 1354 2068; baseline 0.002 -22"><span class='ocrx_word' id='word_1_107' title='bbox 240 1986 268 2046; x_wconf 92' lang='lat' dir='ltr'>et</span> <span class='ocrx_word' id='word_1_108' title='bbox 287 2006 320 2045; x_wconf 85' lang='grc' dir='ltr'>οι</span> <span class='ocrx_word' id='word_1_109' title='bbox 341 1988 398 2048; x_wconf 89' lang='lat' dir='ltr'>aut</span> <span class='ocrx_word' id='word_1_110' title='bbox 419 1982 497 2048; x_wconf 91' lang='lat' dir='ltr'>elidi</span> <span class='ocrx_word' id='word_1_111' title='bbox 524 2004 651 2050; x_wconf 89' lang='lat' dir='ltr'>necesse</span> <span class='ocrx_word' id='word_1_112' title='bbox 680 1984 722 2048; x_wconf 88' lang='lat' dir='ltr'>sit</span> <span class='ocrx_word' id='word_1_113' title='bbox 742 1988 799 2049; x_wconf 89' lang='lat' dir='ltr'>aut</span> <span class='ocrx_word' id='word_1_114' title='bbox 820 2005 893 2049; x_wconf 88' lang='lat' dir='ltr'>cum</span> <span class='ocrx_word' id='word_1_115' title='bbox 912 1985 1060 2067; x_wconf 86' lang='lat' dir='ltr'>proxima</span> <span class='ocrx_word' id='word_1_116' title='bbox 1087 1986 1188 2052; x_wconf 85' lang='lat' dir='ltr'>vocali</span> <span class='ocrx_word' id='word_1_117' title='bbox 1215 2004 1354 2068; x_wconf 91' lang='lat' dir='ltr'>pronun-</span> 
     </span>
     <span class='ocr_line' id='line_1_15' title="bbox 239 2086 1353 2176; baseline 0.004 -26"><span class='ocrx_word' id='word_1_118' title='bbox 239 2086 338 2153; x_wconf 87' lang='lat' dir='ltr'>tiando</span> <span class='ocrx_word' id='word_1_119' title='bbox 358 2089 543 2156; x_wconf 87' lang='lat' dir='ltr'>coalescere.</span> <span class='ocrx_word' id='word_1_120' title='bbox 587 2090 627 2154; x_wconf 93' lang='lat' dir='ltr'>In</span> <span class='ocrx_word' id='word_1_121' title='bbox 647 2089 761 2170; x_wconf 72' lang='lat' dir='ltr'>cetems</span> <span class='ocrx_word' id='word_1_122' title='bbox 781 2110 854 2156; x_wconf 91' lang='lat' dir='ltr'>cnm</span> <span class='ocrx_word' id='word_1_123' title='bbox 875 2091 910 2155; x_wconf 91' lang='lat' dir='ltr'>in</span> <span class='ocrx_word' id='word_1_124' title='bbox 924 2091 1139 2169; x_wconf 84' lang='lat' dir='ltr'>QuaestPlut.</span> <span class='ocrx_word' id='word_1_125' title='bbox 1151 2093 1242 2175; x_wconf 92' lang='lat' dir='ltr'>IIIp.</span> <span class='ocrx_word' id='word_1_126' title='bbox 1255 2097 1295 2159; x_wconf 82' lang='lat'>60</span> <span class='ocrx_word' id='word_1_127' title='bbox 1309 2111 1353 2176; x_wconf 86' lang='lat' dir='ltr'>sq.</span> 
     </span>
     <span class='ocr_line' id='line_1_16' title="bbox 237 2192 1353 2281; baseline 0.004 -25"><span class='ocrx_word' id='word_1_128' title='bbox 237 2193 310 2258; x_wconf 83' lang='lat' dir='ltr'>iusto</span> <span class='ocrx_word' id='word_1_129' title='bbox 327 2192 476 2260; x_wconf 86' lang='lat' dir='ltr'>audacius</span> <span class='ocrx_word' id='word_1_130' title='bbox 495 2193 715 2280; x_wconf 82' lang='lat' dir='ltr'>refingcndum</span> <span class='ocrx_word' id='word_1_131' title='bbox 742 2196 892 2279; x_wconf 84' lang='lat' dir='ltr'>opinarer</span> <span class='ocrx_word' id='word_1_132' title='bbox 919 2193 958 2262; x_wconf 80' lang='grc' dir='ltr'>τὸ</span> <span class='ocrx_word' id='word_1_133' title='bbox 978 2197 1038 2281; x_wconf 81' lang='grc' dir='ltr'>μὲν</span> <span class='ocrx_word' id='word_1_134' title='bbox 1060 2192 1242 2281; x_wconf 73' lang='grc' dir='ltr'><em>μεθύσκειν</em></span> <span class='ocrx_word' id='word_1_135' title='bbox 1264 2221 1353 2260; x_wconf 81' lang='grc' dir='ltr'><em>κιε-</em></span> 
     </span>
     <span class='ocr_line' id='line_1_17' title="bbox 238 2287 1355 2388; baseline 0.004 -26"><span class='ocrx_word' id='word_1_136' title='bbox 238 2302 306 2364; x_wconf 82' lang='grc' dir='ltr'><strong><em>ιοῦ</em></strong></span> <span class='ocrx_word' id='word_1_137' title='bbox 332 2299 497 2388; x_wconf 81' lang='grc' dir='ltr'><em>καρπὸν</em></span> <span class='ocrx_word' id='word_1_138' title='bbox 529 2297 616 2387; x_wconf 70' lang='lat' dir='ltr'>obp·</span> <span class='ocrx_word' id='word_1_139' title='bbox 638 2297 849 2387; x_wconf 80' lang='grc' dir='ltr'><em>μιγνύμενον,</em></span> <span class='ocrx_word' id='word_1_140' title='bbox 882 2302 922 2369; x_wconf 87' lang='lat' dir='ltr'>de</span> <span class='ocrx_word' id='word_1_141' title='bbox 953 2303 1138 2368; x_wconf 88' lang='lat' dir='ltr'>mutationis</span> <span class='ocrx_word' id='word_1_142' title='bbox 1167 2287 1355 2368; x_wconf 81' lang='lat' dir='ltr'>necessitate</span> 
     </span>
     <span class='ocr_line' id='line_1_18' title="bbox 238 2404 1354 2492; baseline 0.001 -24"><span class='ocrx_word' id='word_1_143' title='bbox 238 2426 313 2469; x_wconf 91' lang='lat' dir='ltr'>nunc</span> <span class='ocrx_word' id='word_1_144' title='bbox 327 2405 504 2486; x_wconf 89' lang='lat' dir='ltr'>subdubito,</span> <span class='ocrx_word' id='word_1_145' title='bbox 527 2405 684 2491; x_wconf 88' lang='lat' dir='ltr'>siquidem</span> <span class='ocrx_word' id='word_1_146' title='bbox 700 2407 735 2472; x_wconf 90' lang='lat' dir='ltr'>id</span> <span class='ocrx_word' id='word_1_147' title='bbox 748 2407 833 2492; x_wconf 92' lang='lat' dir='ltr'>quod</span> <span class='ocrx_word' id='word_1_148' title='bbox 852 2407 1075 2474; x_wconf 89' lang='lat' dir='ltr'>desiderabam</span> <span class='ocrx_word' id='word_1_149' title='bbox 1096 2404 1207 2473; x_wconf 90' lang='lat' dir='ltr'>eodem</span> <span class='ocrx_word' id='word_1_150' title='bbox 1219 2405 1354 2471; x_wconf 87' lang='lat' dir='ltr'>artificio</span> 
     </span>
     <span class='ocr_line' id='line_1_19' title="bbox 236 2507 1356 2597; baseline 0.004 -25"><span class='ocrx_word' id='word_1_151' title='bbox 236 2507 370 2594; x_wconf 87' lang='lat' dir='ltr'>intellegi</span> <span class='ocrx_word' id='word_1_152' title='bbox 399 2514 519 2592; x_wconf 88' lang='lat' dir='ltr'>potest,</span> <span class='ocrx_word' id='word_1_153' title='bbox 555 2515 651 2594; x_wconf 82' lang='lat' dir='ltr'>atque</span> <span class='ocrx_word' id='word_1_154' title='bbox 677 2509 712 2575; x_wconf 93' lang='lat' dir='ltr'>in</span> <span class='ocrx_word' id='word_1_155' title='bbox 742 2533 780 2577; x_wconf 88' lang='lat' dir='ltr'>co</span> <span class='ocrx_word' id='word_1_156' title='bbox 808 2510 893 2597; x_wconf 91' lang='lat' dir='ltr'>quod</span> <span class='ocrx_word' id='word_1_157' title='bbox 923 2511 963 2580; x_wconf 90' lang='lat' dir='ltr'>de</span> <span class='ocrx_word' id='word_1_158' title='bbox 993 2511 1083 2577; x_wconf 87' lang='lat' dir='ltr'>olivis</span> <span class='ocrx_word' id='word_1_159' title='bbox 1110 2511 1160 2578; x_wconf 84' lang='lat' dir='ltr'>vel</span> <span class='ocrx_word' id='word_1_160' title='bbox 1187 2509 1356 2596; x_wconf 86' lang='lat' dir='ltr'>glandibus</span> 
     </span>
     <span class='ocr_line' id='line_1_20' title="bbox 236 2613 1353 2704; baseline 0.002 -24"><span class='ocrx_word' id='word_1_161' title='bbox 236 2613 327 2699; x_wconf 83' lang='lat' dir='ltr'>lagois</span> <span class='ocrx_word' id='word_1_162' title='bbox 345 2621 518 2698; x_wconf 88' lang='lat' dir='ltr'>usurpatur</span> <span class='ocrx_word' id='word_1_163' title='bbox 540 2613 638 2681; x_wconf 78' lang='grc' dir='ltr'><strong><em>ἐλαία</em></strong></span> <span class='ocrx_word' id='word_1_164' title='bbox 663 2621 696 2682; x_wconf 90' lang='lat' dir='ltr'>et</span> <span class='ocrx_word' id='word_1_165' title='bbox 717 2613 834 2704; x_wconf 78' lang='grc' dir='ltr'><em>φηγός.</em></span> <span class='ocrx_word' id='word_1_166' title='bbox 880 2617 977 2684; x_wconf 73' lang='lat' dir='ltr'>(iuius</span> <span class='ocrx_word' id='word_1_167' title='bbox 1004 2618 1053 2684; x_wconf 89' lang='lat' dir='ltr'>rei</span> <span class='ocrx_word' id='word_1_168' title='bbox 1072 2617 1278 2685; x_wconf 87' lang='lat' dir='ltr'>memorabile</span> <span class='ocrx_word' id='word_1_169' title='bbox 1300 2639 1353 2682; x_wconf 86' lang='lat' dir='ltr'>ex·</span> 
     </span>
     <span class='ocr_line' id='line_1_21' title="bbox 237 2714 1351 2806; baseline 0.004 -28"><span class='ocrx_word' id='word_1_170' title='bbox 237 2718 295 2778; x_wconf 88' lang='lat' dir='ltr'>stat</span> <span class='ocrx_word' id='word_1_171' title='bbox 315 2715 537 2782; x_wconf 90' lang='lat' dir='ltr'>documentum</span> <span class='ocrx_word' id='word_1_172' title='bbox 557 2716 642 2798; x_wconf 89' lang='lat' dir='ltr'>apud</span> <span class='ocrx_word' id='word_1_173' title='bbox 658 2716 861 2783; x_wconf 83' lang='lat' dir='ltr'>Plutarchum</span> <span class='ocrx_word' id='word_1_174' title='bbox 883 2719 989 2801; x_wconf 89' lang='lat' dir='ltr'>ipsum</span> <span class='ocrx_word' id='word_1_175' title='bbox 1002 2717 1081 2784; x_wconf 89' lang='lat' dir='ltr'>Mor.</span> <span class='ocrx_word' id='word_1_176' title='bbox 1098 2739 1128 2801; x_wconf 89' lang='lat' dir='ltr'>p.</span> <span class='ocrx_word' id='word_1_177' title='bbox 1143 2718 1213 2784; x_wconf 73' lang='lat' dir='ltr'>ssd</span> <span class='ocrx_word' id='word_1_178' title='bbox 1236 2714 1351 2806; x_wconf 72' lang='grc' dir='ltr'><em>ὥσπερ</em></span> 
     </span>
     <span class='ocr_line' id='line_1_22' title="bbox 235 2810 1352 2908; baseline 0.003 -27"><span class='ocrx_word' id='word_1_179' title='bbox 235 2810 360 2885; x_wconf 78' lang='grc' dir='ltr'><em>Ἐλαίαν</em></span> <span class='ocrx_word' id='word_1_180' title='bbox 379 2818 438 2885; x_wconf 80' lang='grc' dir='ltr'>τὸν</span> <span class='ocrx_word' id='word_1_181' title='bbox 460 2811 530 2885; x_wconf 75' lang='grc' dir='ltr'>ἀπὸ</span> <span class='ocrx_word' id='word_1_182' title='bbox 553 2817 826 2906; x_wconf 61' lang='lat' dir='ltr'>spetiosissimi</span> <span class='ocrx_word' id='word_1_183' title='bbox 853 2822 963 2908; x_wconf 78' lang='grc' dir='ltr'><em>Φηγόν</em></span> <span class='ocrx_word' id='word_1_184' title='bbox 985 2821 1042 2887; x_wconf 79' lang='grc' dir='ltr'>τὸν</span> <span class='ocrx_word' id='word_1_185' title='bbox 1067 2819 1137 2905; x_wconf 78' lang='grc' dir='ltr'>ἀπὸ</span> <span class='ocrx_word' id='word_1_186' title='bbox 1158 2823 1216 2907; x_wconf 81' lang='grc' dir='ltr'>τῆς</span> <span class='ocrx_word' id='word_1_187' title='bbox 1241 2820 1352 2907; x_wconf 80' lang='grc' dir='ltr'><em>φηγοῦ</em></span> 
     </span>
     <span class='ocr_line' id='line_1_23' title="bbox 237 2916 1117 3013; baseline 0.007 -30"><span class='ocrx_word' id='word_1_188' title='bbox 237 2919 358 3009; x_wconf 78' lang='grc' dir='ltr'><em>καρπὸν</em></span> <span class='ocrx_word' id='word_1_189' title='bbox 377 2916 562 3006; x_wconf 85' lang='grc' dir='ltr'><em>ὁμωνύμως</em></span> <span class='ocrx_word' id='word_1_190' title='bbox 584 2927 656 3002; x_wconf 80' lang='grc' dir='ltr'><em>τοῖς</em></span> <span class='ocrx_word' id='word_1_191' title='bbox 679 2923 840 3013; x_wconf 79' lang='grc' dir='ltr'><em>φέρουσιν</em></span> <span class='ocrx_word' id='word_1_192' title='bbox 862 2919 1117 3012; x_wconf 84' lang='grc' dir='ltr'><em>(ὀνομάζομεν).</em></span> 
     </span>
    </p>

    <p class='ocr_par' dir='ltr' id='par_1_10' title="bbox 231 3021 1354 4776">
     <span class='ocr_line' id='line_1_24' title="bbox 316 3021 1351 3110; baseline 0.004 -24"><span class='ocrx_word' id='word_1_193' title='bbox 316 3021 435 3089; x_wconf 84' lang='lat' dir='ltr'>Verum</span> <span class='ocrx_word' id='word_1_194' title='bbox 455 3022 495 3088; x_wconf 88' lang='lat' dir='ltr'>ab</span> <span class='ocrx_word' id='word_1_195' title='bbox 515 3023 566 3087; x_wconf 90' lang='lat' dir='ltr'>his</span> <span class='ocrx_word' id='word_1_196' title='bbox 587 3023 667 3089; x_wconf 89' lang='lat' dir='ltr'>abeo</span> <span class='ocrx_word' id='word_1_197' title='bbox 687 3029 724 3088; x_wconf 90' lang='lat' dir='ltr'>ut</span> <span class='ocrx_word' id='word_1_198' title='bbox 744 3046 875 3110; x_wconf 84' lang='lat' dir='ltr'>pergam</span> <span class='ocrx_word' id='word_1_199' title='bbox 896 3026 932 3090; x_wconf 94' lang='lat' dir='ltr'>in</span> <span class='ocrx_word' id='word_1_200' title='bbox 953 3048 1062 3092; x_wconf 90' lang='lat' dir='ltr'>eorum</span> <span class='ocrx_word' id='word_1_201' title='bbox 1082 3025 1223 3091; x_wconf 92' lang='lat' dir='ltr'>locorum</span> <span class='ocrx_word' id='word_1_202' title='bbox 1244 3046 1351 3091; x_wconf 89' lang='lat' dir='ltr'>recen-</span> 
     </span>
     <span class='ocr_line' id='line_1_25' title="bbox 236 3125 1353 3216; baseline 0.01 -28"><span class='ocrx_word' id='word_1_203' title='bbox 236 3125 330 3205; x_wconf 87' lang='lat' dir='ltr'>sione,</span> <span class='ocrx_word' id='word_1_204' title='bbox 362 3128 418 3212; x_wconf 91' lang='lat' dir='ltr'>qni</span> <span class='ocrx_word' id='word_1_205' title='bbox 450 3133 582 3212; x_wconf 88' lang='lat' dir='ltr'>propter</span> <span class='ocrx_word' id='word_1_206' title='bbox 608 3130 732 3196; x_wconf 85' lang='lat' dir='ltr'>hiatum</span> <span class='ocrx_word' id='word_1_207' title='bbox 761 3132 882 3216; x_wconf 89' lang='lat' dir='ltr'>aliquid</span> <span class='ocrx_word' id='word_1_208' title='bbox 912 3132 984 3198; x_wconf 86' lang='lat' dir='ltr'>vitii</span> <span class='ocrx_word' id='word_1_209' title='bbox 1012 3133 1148 3199; x_wconf 89' lang='lat' dir='ltr'>traxisse</span> <span class='ocrx_word' id='word_1_210' title='bbox 1177 3131 1353 3200; x_wconf 88' lang='lat' dir='ltr'>videantur.</span> 
     </span>
     <span class='ocr_line' id='line_1_26' title="bbox 235 3231 1350 3321; baseline 0.004 -25"><span class='ocrx_word' id='word_1_211' title='bbox 235 3231 365 3308; x_wconf 84' lang='lat' dir='ltr'>Quorum</span> <span class='ocrx_word' id='word_1_212' title='bbox 384 3256 466 3299; x_wconf 86' lang='lat' dir='ltr'>unus</span> <span class='ocrx_word' id='word_1_213' title='bbox 485 3235 565 3314; x_wconf 90' lang='lat' dir='ltr'>VII,</span> <span class='ocrx_word' id='word_1_214' title='bbox 588 3242 621 3314; x_wconf 87' lang='lat'>5,</span> <span class='ocrx_word' id='word_1_215' title='bbox 642 3241 661 3302; x_wconf 78' lang='lat'><strong>2</strong></span> <span class='ocrx_word' id='word_1_216' title='bbox 683 3258 714 3319; x_wconf 88' lang='lat' dir='ltr'>p.</span> <span class='ocrx_word' id='word_1_217' title='bbox 738 3238 834 3305; x_wconf 72' lang='lat'>7051&gt;</span> <span class='ocrx_word' id='word_1_218' title='bbox 865 3238 921 3303; x_wconf 81' lang='grc' dir='ltr'>καὶ</span> <span class='ocrx_word' id='word_1_219' title='bbox 943 3235 981 3301; x_wconf 80' lang='grc' dir='ltr'>τύ</span> <span class='ocrx_word' id='word_1_220' title='bbox 1000 3238 1086 3321; x_wconf 82' lang='grc' dir='ltr'><em>μετὰ</em></span> <span class='ocrx_word' id='word_1_221' title='bbox 1109 3237 1244 3303; x_wconf 81' lang='grc' dir='ltr'><em>πολλῶν</em></span> <span class='ocrx_word' id='word_1_222' title='bbox 1264 3234 1350 3303; x_wconf 74' lang='grc' dir='ltr'><em>θεύ-</em></span> 
     </span>
     <span class='ocr_line' id='line_1_27' title="bbox 240 3332 1352 3431; baseline 0.006 -32"><span class='ocrx_word' id='word_1_223' title='bbox 240 3334 363 3401; x_wconf 70' lang='grc' dir='ltr'><strong><em>ααοθαί</em></strong></span> <span class='ocrx_word' id='word_1_224' title='bbox 384 3361 418 3401; x_wconf 78' lang='grc' dir='ltr'>τι</span> <span class='ocrx_word' id='word_1_225' title='bbox 440 3337 496 3403; x_wconf 80' lang='grc' dir='ltr'>καὶ</span> <span class='ocrx_word' id='word_1_226' title='bbox 524 3332 667 3406; x_wconf 82' lang='grc' dir='ltr'><em>ἆκοῦοαι</em></span> <span class='ocrx_word' id='word_1_227' title='bbox 688 3338 971 3431; x_wconf 72' lang='grc' dir='ltr'><em>ἐπιτερπέστερόν</em></span> <span class='ocrx_word' id='word_1_228' title='bbox 994 3341 1064 3407; x_wconf 77' lang='grc' dir='ltr'><em>ἐστι</em></span> <span class='ocrx_word' id='word_1_229' title='bbox 1092 3346 1213 3408; x_wconf 87' lang='lat' dir='ltr'>mutato</span> <span class='ocrx_word' id='word_1_230' title='bbox 1242 3342 1352 3408; x_wconf 85' lang='lat' dir='ltr'>verbo·</span> 
     </span>
     <span class='ocr_line' id='line_1_28' title="bbox 236 3442 1353 3530; baseline 0.005 -25"><span class='ocrx_word' id='word_1_231' title='bbox 236 3462 301 3506; x_wconf 91' lang='lat' dir='ltr'>rum</span> <span class='ocrx_word' id='word_1_232' title='bbox 321 3442 431 3509; x_wconf 88' lang='lat' dir='ltr'>ordine</span> <span class='ocrx_word' id='word_1_233' title='bbox 453 3444 610 3511; x_wconf 89' lang='lat' dir='ltr'>sanandus</span> <span class='ocrx_word' id='word_1_234' title='bbox 631 3445 770 3526; x_wconf 88' lang='lat' dir='ltr'>videtur,</span> <span class='ocrx_word' id='word_1_235' title='bbox 791 3452 828 3512; x_wconf 92' lang='lat' dir='ltr'>ut</span> <span class='ocrx_word' id='word_1_236' title='bbox 847 3453 987 3530; x_wconf 88' lang='lat' dir='ltr'>ponatur</span> <span class='ocrx_word' id='word_1_237' title='bbox 1009 3442 1260 3511; x_wconf 69' lang='grc' dir='ltr'><em>θεάσασθαι</em></span> <span class='ocrx_word' id='word_1_238' title='bbox 1283 3446 1353 3511; x_wconf 83' lang='grc' dir='ltr'>καὶ</span> 
     </span>
     <span class='ocr_line' id='line_1_29' title="bbox 236 3534 1354 3635; baseline 0.006 -29"><span class='ocrx_word' id='word_1_239' title='bbox 236 3534 412 3610; x_wconf 75' lang='grc' dir='ltr'>ἀκοῦσαί</span> <span class='ocrx_word' id='word_1_240' title='bbox 433 3569 466 3610; x_wconf 80' lang='grc' dir='ltr'>τι</span> <span class='ocrx_word' id='word_1_241' title='bbox 488 3544 767 3635; x_wconf 76' lang='grc' dir='ltr'><em>ἐπιτερπέστερόν</em></span> <span class='ocrx_word' id='word_1_242' title='bbox 782 3546 878 3629; x_wconf 78' lang='grc' dir='ltr'><em>ἐστιν,</em></span> <span class='ocrx_word' id='word_1_243' title='bbox 900 3548 935 3614; x_wconf 92' lang='lat' dir='ltr'>in</span> <span class='ocrx_word' id='word_1_244' title='bbox 950 3548 1065 3633; x_wconf 89' lang='lat' dir='ltr'>quibus</span> <span class='ocrx_word' id='word_1_245' title='bbox 1077 3569 1117 3613; x_wconf 87' lang='lat' dir='ltr'>ne</span> <span class='ocrx_word' id='word_1_246' title='bbox 1132 3547 1203 3631; x_wconf 91' lang='lat' dir='ltr'>quis</span> <span class='ocrx_word' id='word_1_247' title='bbox 1225 3546 1354 3615; x_wconf 83' lang='lat' dir='ltr'>damnet</span> 
     </span>
     <span class='ocr_line' id='line_1_30' title="bbox 233 3646 1350 3742; baseline 0.008 -32"><span class='ocrx_word' id='word_1_248' title='bbox 233 3646 348 3712; x_wconf 89' lang='lat' dir='ltr'>hiatum</span> <span class='ocrx_word' id='word_1_249' title='bbox 365 3649 451 3714; x_wconf 89' lang='lat' dir='ltr'>inter</span> <span class='ocrx_word' id='word_1_250' title='bbox 471 3675 501 3713; x_wconf 79' lang='grc' dir='ltr'>ιι</span> <span class='ocrx_word' id='word_1_251' title='bbox 524 3655 557 3716; x_wconf 88' lang='lat' dir='ltr'>et</span> <span class='ocrx_word' id='word_1_252' title='bbox 580 3647 870 3742; x_wconf 78' lang='grc' dir='ltr'><em>ἐπιτερπέστερον,</em></span> <span class='ocrx_word' id='word_1_253' title='bbox 896 3657 1103 3738; x_wconf 86' lang='lat' dir='ltr'>praecautum</span> <span class='ocrx_word' id='word_1_254' title='bbox 1125 3657 1173 3717; x_wconf 86' lang='lat' dir='ltr'>cst</span> <span class='ocrx_word' id='word_1_255' title='bbox 1193 3652 1244 3718; x_wconf 88' lang='lat' dir='ltr'>his</span> <span class='ocrx_word' id='word_1_256' title='bbox 1266 3652 1350 3719; x_wconf 85' lang='lat' dir='ltr'>sinri-</span> 
     </span>
     <span class='ocr_line' id='line_1_31' title="bbox 233 3751 1353 3843; baseline 0.007 -28"><span class='ocrx_word' id='word_1_257' title='bbox 233 3751 311 3818; x_wconf 87' lang='lat' dir='ltr'>libus</span> <span class='ocrx_word' id='word_1_258' title='bbox 332 3777 357 3823; x_wconf 91' lang='lat' dir='ltr'>e.</span> <span class='ocrx_word' id='word_1_259' title='bbox 373 3778 402 3840; x_wconf 88' lang='lat' dir='ltr'>g.</span> <span class='ocrx_word' id='word_1_260' title='bbox 418 3761 552 3838; x_wconf 61' lang='lat' dir='ltr'>poma</span> <span class='ocrx_word' id='word_1_261' title='bbox 573 3755 629 3821; x_wconf 81' lang='grc' dir='ltr'>καὶ</span> <span class='ocrx_word' id='word_1_262' title='bbox 648 3759 696 3843; x_wconf 71' lang='grc' dir='ltr'>τῷ</span> <span class='ocrx_word' id='word_1_263' title='bbox 714 3756 819 3843; x_wconf 79' lang='grc' dir='ltr'><em>ζητεῖν</em></span> <span class='ocrx_word' id='word_1_264' title='bbox 835 3781 867 3824; x_wconf 80' lang='grc' dir='ltr'>ιι</span> <span class='ocrx_word' id='word_1_265' title='bbox 892 3752 1035 3837; x_wconf 71' lang='grc' dir='ltr'><em>ἀκούειν,</em></span> <span class='ocrx_word' id='word_1_266' title='bbox 1056 3778 1085 3840; x_wconf 91' lang='lat' dir='ltr'>p.</span> <span class='ocrx_word' id='word_1_267' title='bbox 1104 3760 1198 3824; x_wconf 81' lang='lat' dir='ltr'>699a</span> <span class='ocrx_word' id='word_1_268' title='bbox 1218 3757 1353 3839; x_wconf 77' lang='grc' dir='ltr'><em>βλέπων</em></span> 
     </span>
     <span class='ocr_line' id='line_1_32' title="bbox 234 3849 1354 3952; baseline 0.005 -33"><span class='ocrx_word' id='word_1_269' title='bbox 234 3878 262 3918; x_wconf 84' lang='grc' dir='ltr'><em>ει</em></span> <span class='ocrx_word' id='word_1_270' title='bbox 286 3849 447 3941; x_wconf 72' lang='grc' dir='ltr'><em>ὀξύτερον,</em></span> <span class='ocrx_word' id='word_1_271' title='bbox 472 3880 502 3941; x_wconf 91' lang='lat' dir='ltr'>p.</span> <span class='ocrx_word' id='word_1_272' title='bbox 526 3866 618 3927; x_wconf 82' lang='lat'><strong>6560</strong></span> <span class='ocrx_word' id='word_1_273' title='bbox 639 3855 728 3927; x_wconf 76' lang='grc' dir='ltr'><em>ἴδιόν</em></span> <span class='ocrx_word' id='word_1_274' title='bbox 749 3886 784 3927; x_wconf 85' lang='grc' dir='ltr'>τι</span> <span class='ocrx_word' id='word_1_275' title='bbox 806 3858 1071 3952; x_wconf 78' lang='grc' dir='ltr'><em>ἐπιχειρήσομεν,</em></span> <span class='ocrx_word' id='word_1_276' title='bbox 1095 3882 1288 3947; x_wconf 86' lang='lat' dir='ltr'>quamquam</span> <span class='ocrx_word' id='word_1_277' title='bbox 1307 3861 1354 3927; x_wconf 92' lang='lat' dir='ltr'>ibi</span> 
     </span>
     <span class='ocr_line' id='line_1_33' title="bbox 234 3957 1354 4051; baseline 0.004 -28"><span class='ocrx_word' id='word_1_278' title='bbox 234 3957 323 4025; x_wconf 87' lang='lat' dir='ltr'>Vind.</span> <span class='ocrx_word' id='word_1_279' title='bbox 338 3966 372 4027; x_wconf 92' lang='lat' dir='ltr'>et</span> <span class='ocrx_word' id='word_1_280' title='bbox 384 3962 483 4029; x_wconf 88' lang='lat' dir='ltr'>Paris.</span> <span class='ocrx_word' id='word_1_281' title='bbox 498 3962 581 4029; x_wconf 89' lang='lat' dir='ltr'>alter</span> <span class='ocrx_word' id='word_1_282' title='bbox 596 3963 743 4044; x_wconf 86' lang='lat' dir='ltr'>liberius,</span> <span class='ocrx_word' id='word_1_283' title='bbox 763 3986 860 4050; x_wconf 90' lang='lat' dir='ltr'>quam</span> <span class='ocrx_word' id='word_1_284' title='bbox 873 3972 910 4032; x_wconf 90' lang='lat' dir='ltr'>ut</span> <span class='ocrx_word' id='word_1_285' title='bbox 924 3966 1054 4051; x_wconf 89' lang='lat' dir='ltr'>probari</span> <span class='ocrx_word' id='word_1_286' title='bbox 1069 3968 1181 4051; x_wconf 86' lang='lat' dir='ltr'>possit,</span> <span class='ocrx_word' id='word_1_287' title='bbox 1201 3966 1354 4032; x_wconf 85' lang='lat' dir='ltr'>traiciunt</span> 
     </span>
     <span class='ocr_line' id='line_1_34' title="bbox 232 4061 1351 4158; baseline 0.004 -32"><span class='ocrx_word' id='word_1_288' title='bbox 232 4064 338 4145; x_wconf 80' lang='lat' dir='ltr'>verba3</span> <span class='ocrx_word' id='word_1_289' title='bbox 362 4064 533 4149; x_wconf 89' lang='lat' dir='ltr'>eodemque</span> <span class='ocrx_word' id='word_1_290' title='bbox 555 4067 695 4148; x_wconf 88' lang='lat' dir='ltr'>pertinet</span> <span class='ocrx_word' id='word_1_291' title='bbox 714 4068 889 4158; x_wconf 81' lang='grc' dir='ltr'><em>μειράκιον</em></span> <span class='ocrx_word' id='word_1_292' title='bbox 905 4065 957 4135; x_wconf 71' lang='grc' dir='ltr'>ἔτι</span> <span class='ocrx_word' id='word_1_293' title='bbox 979 4061 1058 4135; x_wconf 64' lang='lat' dir='ltr'>deva</span> <span class='ocrx_word' id='word_1_294' title='bbox 1072 4071 1108 4135; x_wconf 87' lang='lat' dir='ltr'>in</span> <span class='ocrx_word' id='word_1_295' title='bbox 1124 4070 1262 4136; x_wconf 88' lang='lat' dir='ltr'>Demetr.</span> <span class='ocrx_word' id='word_1_296' title='bbox 1274 4087 1299 4130; x_wconf 89' lang='lat' dir='ltr'>o.</span> <span class='ocrx_word' id='word_1_297' title='bbox 1311 4068 1351 4131; x_wconf 81' lang='lat'>28</span> 
     </span>
     <span class='ocr_line' id='line_1_35' title="bbox 233 4169 1352 4256; baseline 0 -22"><span class='ocrx_word' id='word_1_298' title='bbox 233 4190 254 4237; x_wconf 92' lang='lat' dir='ltr'>s.</span> <span class='ocrx_word' id='word_1_299' title='bbox 276 4170 311 4248; x_wconf 86' lang='lat' dir='ltr'>f.,</span> <span class='ocrx_word' id='word_1_300' title='bbox 334 4192 527 4256; x_wconf 83' lang='lat' dir='ltr'>quamquam</span> <span class='ocrx_word' id='word_1_301' title='bbox 544 4173 696 4239; x_wconf 83' lang='lat' dir='ltr'>vocabulo</span> <span class='ocrx_word' id='word_1_302' title='bbox 718 4169 767 4239; x_wconf 77' lang='grc' dir='ltr'>ἔτι</span> <span class='ocrx_word' id='word_1_303' title='bbox 788 4174 872 4241; x_wconf 89' lang='lat' dir='ltr'>hanc</span> <span class='ocrx_word' id='word_1_304' title='bbox 897 4175 1061 4243; x_wconf 89' lang='lat' dir='ltr'>licentiam</span> <span class='ocrx_word' id='word_1_305' title='bbox 1083 4170 1254 4241; x_wconf 88' lang='lat' dir='ltr'>concedere</span> <span class='ocrx_word' id='word_1_306' title='bbox 1280 4170 1352 4254; x_wconf 89' lang='lat' dir='ltr'>quis</span> 
     </span>
     <span class='ocr_line' id='line_1_36' title="bbox 231 4274 1347 4364; baseline 0 -25"><span class='ocrx_word' id='word_1_307' title='bbox 231 4280 373 4341; x_wconf 85' lang='lat' dir='ltr'>vereatur</span> <span class='ocrx_word' id='word_1_308' title='bbox 383 4276 424 4342; x_wconf 95' lang='lat' dir='ltr'>ob</span> <span class='ocrx_word' id='word_1_309' title='bbox 438 4298 509 4342; x_wconf 89' lang='lat' dir='ltr'>eam</span> <span class='ocrx_word' id='word_1_310' title='bbox 522 4299 658 4358; x_wconf 90' lang='lat' dir='ltr'>cansam,</span> <span class='ocrx_word' id='word_1_311' title='bbox 670 4278 754 4363; x_wconf 91' lang='lat' dir='ltr'>quod</span> <span class='ocrx_word' id='word_1_312' title='bbox 767 4279 847 4346; x_wconf 86' lang='lat' dir='ltr'>alias</span> <span class='ocrx_word' id='word_1_313' title='bbox 858 4281 978 4364; x_wconf 88' lang='lat' dir='ltr'>passim</span> <span class='ocrx_word' id='word_1_314' title='bbox 988 4277 1215 4361; x_wconf 86' lang='lat' dir='ltr'>transpositum</span> <span class='ocrx_word' id='word_1_315' title='bbox 1227 4274 1347 4341; x_wconf 87' lang='lat' dir='ltr'>inveni·</span> 
     </span>
     <span class='ocr_line' id='line_1_37' title="bbox 233 4372 1351 4474; baseline 0.001 -30"><span class='ocrx_word' id='word_1_316' title='bbox 233 4383 283 4444; x_wconf 86' lang='lat' dir='ltr'>tur</span> <span class='ocrx_word' id='word_1_317' title='bbox 300 4374 349 4446; x_wconf 68' lang='lat' dir='ltr'>sn</span> <span class='ocrx_word' id='word_1_318' title='bbox 370 4384 451 4458; x_wconf 83' lang='grc' dir='ltr'>παῖς</span> <span class='ocrx_word' id='word_1_319' title='bbox 471 4372 518 4446; x_wconf 79' lang='grc' dir='ltr'><em>ι’ύν</em></span> <span class='ocrx_word' id='word_1_320' title='bbox 539 4382 656 4449; x_wconf 88' lang='lat' dir='ltr'>similia</span> <span class='ocrx_word' id='word_1_321' title='bbox 676 4383 727 4449; x_wconf 85' lang='lat' dir='ltr'>vel</span> <span class='ocrx_word' id='word_1_322' title='bbox 746 4378 797 4449; x_wconf 71' lang='grc' dir='ltr'>ἔτι</span> <span class='ocrx_word' id='word_1_323' title='bbox 810 4383 932 4474; x_wconf 77' lang='grc' dir='ltr'><em>μικρὰν</em></span> <span class='ocrx_word' id='word_1_324' title='bbox 956 4374 1058 4450; x_wconf 79' lang='grc' dir='ltr'><em>οὖσαν</em></span> <span class='ocrx_word' id='word_1_325' title='bbox 1073 4386 1110 4447; x_wconf 92' lang='lat' dir='ltr'>ut</span> <span class='ocrx_word' id='word_1_326' title='bbox 1125 4381 1160 4446; x_wconf 92' lang='lat' dir='ltr'>in</span> <span class='ocrx_word' id='word_1_327' title='bbox 1171 4379 1286 4449; x_wconf 78' lang='lat' dir='ltr'>Antan.</span> <span class='ocrx_word' id='word_1_328' title='bbox 1300 4384 1351 4447; x_wconf 87' lang='grc'>53.</span> 
     </span>
     <span class='ocr_line' id='line_1_38' title="bbox 233 4476 1350 4571; baseline 0.004 -23"><span class='ocrx_word' id='word_1_329' title='bbox 233 4483 314 4562; x_wconf 83' lang='lat' dir='ltr'>Quae</span> <span class='ocrx_word' id='word_1_330' title='bbox 335 4488 444 4550; x_wconf 90' lang='lat' dir='ltr'>tamen</span> <span class='ocrx_word' id='word_1_331' title='bbox 465 4507 530 4551; x_wconf 89' lang='lat' dir='ltr'>non</span> <span class='ocrx_word' id='word_1_332' title='bbox 549 4487 621 4570; x_wconf 85' lang='lat' dir='ltr'>plus</span> <span class='ocrx_word' id='word_1_333' title='bbox 642 4476 821 4555; x_wconf 86' lang='lat' dir='ltr'>mirationis</span> <span class='ocrx_word' id='word_1_334' title='bbox 841 4488 977 4567; x_wconf 85' lang='lat' dir='ltr'>habent,</span> <span class='ocrx_word' id='word_1_335' title='bbox 1009 4506 1105 4571; x_wconf 90' lang='lat' dir='ltr'>quam</span> <span class='ocrx_word' id='word_1_336' title='bbox 1125 4483 1211 4569; x_wconf 87' lang='lat' dir='ltr'>qnod</span> <span class='ocrx_word' id='word_1_337' title='bbox 1230 4485 1350 4567; x_wconf 89' lang='lat' dir='ltr'>inpune</span> 
     </span>
     <span class='ocr_line' id='line_1_39' title="bbox 233 4581 1351 4680; baseline -0.004 -24"><span class='ocrx_word' id='word_1_338' title='bbox 233 4590 432 4675; x_wconf 79' lang='lat' dir='ltr'>mniungitnr</span> <span class='ocrx_word' id='word_1_339' title='bbox 452 4586 487 4657; x_wconf 77' lang='grc' dir='ltr'>αι’</span> <span class='ocrx_word' id='word_1_340' title='bbox 509 4584 583 4674; x_wconf 80' lang='grc' dir='ltr'><em>οὖν,</em></span> <span class='ocrx_word' id='word_1_341' title='bbox 606 4590 640 4661; x_wconf 79' lang='grc' dir='ltr'>ιε’</span> <span class='ocrx_word' id='word_1_342' title='bbox 657 4586 721 4680; x_wconf 74' lang='lat' dir='ltr'>[dv]</span> <span class='ocrx_word' id='word_1_343' title='bbox 747 4588 913 4679; x_wconf 77' lang='grc' dir='ltr'><em>ἀντιλέγοι</em></span> <span class='ocrx_word' id='word_1_344' title='bbox 934 4616 984 4669; x_wconf 80' lang='grc' dir='ltr'>τις</span> <span class='ocrx_word' id='word_1_345' title='bbox 1004 4612 1035 4675; x_wconf 86' lang='lat' dir='ltr'>p.</span> <span class='ocrx_word' id='word_1_346' title='bbox 1058 4596 1157 4672; x_wconf 69' lang='lat'>712³,</span> <span class='ocrx_word' id='word_1_347' title='bbox 1179 4589 1235 4657; x_wconf 81' lang='lat' dir='ltr'>nul</span> <span class='ocrx_word' id='word_1_348' title='bbox 1256 4585 1290 4655; x_wconf 82' lang='grc' dir='ltr'>τί</span> <span class='ocrx_word' id='word_1_349' title='bbox 1312 4581 1351 4653; x_wconf 73' lang='lat' dir='ltr'>tls</span> 
     </span>
     <span class='ocr_line' id='line_1_40' title="bbox 232 4713 435 4776; baseline 0.015 -21"><span class='ocrx_word' id='word_1_350' title='bbox 232 4714 281 4769; x_wconf 84' lang='grc' dir='ltr'>τις</span> <span class='ocrx_word' id='word_1_351' title='bbox 300 4713 435 4776; x_wconf 82' lang='lat' dir='ltr'>saepius.</span> 
     </span>
    </p>

    <p class='ocr_par' dir='ltr' id='par_1_11' title="bbox 312 4789 1354 4878">
     <span class='ocr_line' id='line_1_41' title="bbox 312 4789 1354 4878; baseline -0.011 -14"><span class='ocrx_word' id='word_1_352' title='bbox 312 4796 415 4877; x_wconf 77' lang='lat' dir='ltr'>Quam</span> <span class='ocrx_word' id='word_1_353' title='bbox 442 4796 591 4865; x_wconf 84' lang='lat' dir='ltr'>salutaris</span> <span class='ocrx_word' id='word_1_354' title='bbox 618 4796 661 4863; x_wconf 88' lang='lat' dir='ltr'>sit</span> <span class='ocrx_word' id='word_1_355' title='bbox 690 4795 784 4864; x_wconf 91' lang='lat' dir='ltr'>huius</span> <span class='ocrx_word' id='word_1_356' title='bbox 810 4794 859 4862; x_wconf 88' lang='lat' dir='ltr'>rei</span> <span class='ocrx_word' id='word_1_357' title='bbox 886 4791 1064 4861; x_wconf 84' lang='lat' dir='ltr'>observatio</span> <span class='ocrx_word' id='word_1_358' title='bbox 1092 4789 1284 4878; x_wconf 86' lang='lat' dir='ltr'>perspicitur</span> <span class='ocrx_word' id='word_1_359' title='bbox 1314 4806 1354 4853; x_wconf 86' lang='lat' dir='ltr'>ex</span> 
     </span>
    </p>
   </div>
   <div class='ocr_carea' id='block_1_10' title="bbox 0 0 1854 5625">
    <p class='ocr_par' dir='ltr' id='par_1_12' title="bbox 0 0 1854 5625">
     <span class='ocr_line' id='line_1_42' title="bbox 0 0 1854 5625; baseline 0 2"><span class='ocrx_word' id='word_1_360' title='bbox 0 0 1854 5625; x_wconf 95' lang='lat' dir='ltr'> </span> 
     </span>
    </p>
   </div>
  </div>
 </body>
</html>
