3700 5625
717 596 931 662 ...ργ-

159 700 166 797 l
259 757 372 827 adhuc
390 757 428 826 in
445 761 589 844 corporis
608 763 774 832 venustate
795 767 893 849 atque
913 762 1153 848 pulchritudine
1174 767 1397 854 conspicienda

261 866 467 950 acquiescere
483 866 674 949 adsuerunt,
694 869 821 953 quando
841 869 1035 938 adscendere
1052 873 1185 957 eupiunt
1204 873 1246 941 ad
1261 874 1394 944 divinio-

258 993 334 1040 rem
355 994 510 1054 amorem,
537 973 623 1042 unde
646 974 799 1044 virtutem
822 977 856 1042 et
876 975 1034 1044 bonorum
1054 997 1236 1046 sermonum
1256 977 1396 1044 stastum

261 1078 329 1146 sibi
345 1099 455 1146 creare
473 1082 601 1164 queant
622 1100 664 1152 ne
678 1079 898 1164 voluptuariae
918 1079 1023 1148 denuo
1042 1080 1229 1165 inrumpant
1242 1079 1397 1167 imagines

259 1183 461 1250 Ισόσνονιιιόιιε
489 1184 581 1268 qnasi
606 1187 715 1264 συνίει,
735 1184 863 1269 quippe
890 1205 1027 1252 venereo
1056 1206 1166 1254 eorum
1186 1207 1265 1270 quor
1285 1191 1396 1254 amant

260 1286 421 1371 adspectu
441 1289 636 1372 depravatis,
659 1290 818 1357 sanctiore
838 1289 985 1358 adhibito
1004 1311 1112 1360 amore
1132 1291 1320 1360 medeantur
1337 1313 1392 1358 ne·

268 1413 361 1459 cesse
382 1397 442 1471 est,
471 1397 508 1458 ut
528 1393 657 1460 liberati
685 1394 751 1489 iam
773 1393 814 1460 ab
833 1393 920 1460 omni
939 1394 1081 1478 corporis
1105 1395 1266 1478 voluptate
1296 1393 1397 1462 solam

184 1522 188 1526 ·
260 1496 367 1562 animi
386 1497 659 1581 pulchritudinem
684 1499 860 1572 consectari
888 1498 1067 1566 videantur.
1110 1498 1173 1566 Sed
1192 1499 1234 1568 ab
1255 1499 1317 1568 hoe
1338 1521 1392 1567 ex·

263 1621 363 1668 eursu
383 1623 494 1668 rursus
512 1602 555 1669 ad
577 1601 780 1689 Symposiaca
799 1624 851 1670 me
867 1595 1015 1670 τείσεται.

351 1705 505 1775 Venimus
524 1709 589 1775 iarn
606 1707 650 1775 ad
670 1708 776 1774 locum
796 1705 956 1775 lubricum
976 1710 1010 1774 et
1029 1704 1255 1789 periculosum,
1275 1705 1310 1772 in
1330 1727 1393 1790 quo

260 1809 393 1875 veniam
412 1809 615 1888 habebimus,
642 1809 671 1875 si
698 1810 735 1876 in
763 1807 942 1895 detegendo
965 1807 1081 1876 mendo
1108 1807 1268 1874 acutiores
1296 1807 1394 1874 simus

256 1933 360 1996 qnam
374 1913 410 1978 in
420 1912 563 1981 remedio
576 1911 759 1980 adhibendo
771 1911 937 1979 feliciores.
966 1909 1099 1998 iegitur
1120 1911 1156 1977 in
1169 1911 1252 1978 libro
1263 1908 1318 1990 vl,
1332 1915 1360 1989 3,
1372 1915 1392 1978 2

256 2038 291 2101 p.
317 2017 408 2086 o8ef
440 2011 544 2107 ἡμὲν
573 2016 635 2108 γὰρ
664 2014 754 2106 δίψα
782 2018 855 2096 τοῖς
885 2018 1050 2104 φαγοῦσιν
1077 2011 1294 2095 ἐπιτείνεται,
1327 2016 1392 2079 τῶν

160 2150 161 2157 “
255 2119 381 2190 σιτίων
403 2126 447 2213 τῇ
467 2119 625 2213 ξηρότητι
652 2120 984 2210 διεσπαρμένον
1004 2114 1102 2212 ὑγρόν
1123 2120 1180 2188 καί
1202 2114 1391 2188 ἀπολειπό-

256 2250 362 2312 μενον
387 2220 531 2306 torreto
559 2227 616 2317 καί
642 2220 756 2312 όλίγσν
782 2225 818 2294 ἐν
847 2229 895 2313 τῷ
922 2223 1054 2312 στόματι
1083 2219 1307 2311 συλλεγόντων
1335 2224 1392 2292 καὶ

160 2400 161 2405 ,
256 2325 573 2414 συνεξικμαζόντων·
585 2324 703 2419 ὥσπερ
717 2323 781 2408 ἔξω
797 2331 855 2417 γῆν
868 2322 998 2420 ὁρῶμεν
1012 2325 1069 2396 καὶ
1083 2323 1173 2394 κόνιν
1190 2324 1260 2394 καί
1282 2327 1390 2412 μῶλ-

256 2436 336 2502 λσν
364 2434 415 2502 τὰ
442 2430 679 2522 μιγνύμενα
703 2437 770 2500 τῶν
790 2429 897 2523 ὖγρολν
918 2427 1219 2519 ἀναλαμβάνουσαν
1240 2427 1289 2512 είς
1312 2427 1390 2498 ἔαυ-

232 2533 317 2624 ’τνὶν
339 2534 398 2603 καὶ
419 2531 658 2622 ἅφανίζουσαν.
700 2534 740 2600 In
759 2535 811 2602 his
830 2535 881 2604 rel
901 2535 1009 2620 prima
1029 2535 1134 2602 fronte
1156 2534 1291 2620 adparet
1311 2538 1387 2602 ante

258 2639 511 2730 διεσπαρμένον
525 2639 705 2707 addendum
720 2660 788 2707 esse
808 2640 979 2706 articulum
998 2638 1196 2725 servautque
1219 2660 1292 2706 eum
1304 2637 1388 2706 Psel·
1497 2661 1500 2669 ·

255 2745 308 2810 lus
330 2743 555 2829 Busserualreri
578 2742 646 2824 (cfr.
667 2743 793 2823 Quaest.
814 2742 897 2813 Plut.
917 2741 969 2808 111
988 2763 1018 2827 p.
1044 2749 1081 2810 17
1103 2746 1136 2809 et
1157 2742 1203 2807 IV
1225 2762 1256 2825 p.
1278 2745 1332 2825 26)
1354 2742 1389 2808 in

255 2850 412 2917 subditivi
439 2849 620 2917 Aristotelis
647 2849 751 2916 Probl.
779 2870 811 2933 p.
833 2854 910 2928 332,
944 2853 984 2915 21
1017 2846 1114 2913 Paria.
1146 2840 1166 2932 ἡ
1197 2843 1286 2933 δίψα
1317 2849 1389 2924 τοῖς

256 2956 429 3039 φαγοῦσιν
450 2948 663 3034 ἐπιτείνεται,
688 2950 778 3020 ὀιότι
797 2948 839 3018 τό
860 2948 1074 3040 είσερχόμενα
1096 2945 1188 3016 σιτία
1208 2951 1249 3038 τῇ
1270 2946 1389 3039 γαστρί

256 3055 305 3123 τὸ
327 3055 576 3146 διεσπαρμένον
594 3050 694 3147 ὑγρόν
714 3053 771 3122 καί
792 3048 1064 3140 ἀπολειπόμενον
1084 3050 1141 3121 καί
1160 3046 1273 3139 ὀλίγον
1288 3048 1324 3119 ἐν
1341 3055 1389 3141 τῷ

256 3156 392 3243 σώματι
415 3157 621 3245 συλλέγουσι.
673 3160 806 3227 Relioua
835 3159 952 3227 multas
981 3158 1166 3227 criticorum
1190 3159 1388 3227 coniecturas

254 3267 467 3348 pepererunt,
495 3284 630 3347 quorum
657 3263 751 3329 llum.
779 3267 813 3330 et
832 3262 923 3331 Vulo.
951 3255 1049 3351 ἢκαί
1067 3260 1158 3330 κόνιν
1179 3257 1229 3330 ἔτι
1257 3263 1387 3346 μᾶλλον

254 3368 307 3437 rel
320 3364 465 3446 τίτανον,
488 3366 636 3435 Reiskius
648 3368 756 3451 βῶλον
767 3366 818 3435 rel
834 3361 978 3446 τίτανον,
1003 3365 1267 3469 wyttenbachius
1289 3361 1384 3452 ψάμ.

253 3494 321 3553 μον
342 3470 395 3537 τεῙ
415 3464 545 3555 μαλλόν
563 3470 753 3550 coniciebat,
777 3492 912 3555 quorum
930 3474 1079 3540 neutrum
1099 3468 1208 3553 probo,
1229 3469 1386 3553 posterius

254 3573 401 3641 funditus
431 3572 584 3657 reprob03
621 3574 809 3642 Meziriaous
841 3574 978 3660 denique
1009 3574 1224 3658 adstipulante
1258 3572 1387 3645 Amiote

254 3679 387 3763 μᾶλλον
419 3679 618 3760 eliminabat,
654 3681 740 3767 quod
771 3682 855 3749 unde
885 3681 1058 3765 inrepserit
1091 3680 1210 3749 frustra
1242 3704 1384 3768 quaeres.

253 3784 318 3864 Qui
337 3784 424 3869 quod
444 3786 574 3866 μᾶλλον
595 3808 654 3870 pro
669 3792 818 3871 corrupto
835 3788 1006 3869 habebant
1026 3786 1175 3857 fefellisse
1195 3811 1249 3857 eos
1262 3790 1388 3860 videtur

254 3888 385 3956 dicendi
395 3911 479 3971 usus,
491 3890 579 3957 ouius
591 3913 662 3958 cum
674 3893 731 3959 alii
743 3892 812 3978 (cfr.
824 3891 974 3961 Sohaefer
984 3892 1026 3961 ad
1037 3894 1128 3981 Greg.
1145 3895 1284 3965 Corinth.
1295 3918 1325 3981 p.
1336 3902 1387 3977 52,

258 4000 319 4064 161
337 3999 463 4081 etqnae
479 3997 623 4065 conlecta
637 3998 1010 4085 habetWyttenbaohius
1023 4000 1064 4069 ad
1074 4001 1156 4073 Plut.
1173 4002 1213 4069 de
1224 4024 1247 4069 s.
1259 4024 1289 4070 n.
1300 4002 1384 4069 vind.

252 4121 286 4184 p.
302 4105 363 4185 13),
384 4107 454 4167 tum
468 4104 614 4187 exempla
629 4105 806 4172 certissima
818 4106 887 4189 ipse
901 4106 1091 4175 Plutarchus
1105 4112 1248 4192 praestat
1262 4108 1334 4193 L'yo.
1347 4115 1385 4177 l'l

252 4199 314 4268 καί
336 4205 515 4290 προσεῖχον
537 4199 571 4268 oi
594 4202 817 4295 πρεσβύτεροι
841 4203 898 4273 καί
918 4207 1055 4290 μᾶλλον,
1078 4206 1194 4293 Agesil.
1209 4202 1247 4273 13
1270 4203 1385 4296 ἐχρῆτο

250 4306 303 4393 τῷ
329 4306 441 4394 καιρῷ
463 4305 522 4372 καὶ
547 4308 688 4391 μᾶλλον.
739 4309 785 4376 Ac
815 4308 877 4376 fuit
905 4331 982 4379 sane
1010 4332 1107 4395 quarn
1134 4309 1271 4377 maxime
1299 4310 1385 4396 quod

251 4403 381 4488 pulveri
407 4405 560 4478 maiorem
587 4429 685 4493 qnam
714 4411 912 4478 terruerim
940 4408 1132 4481 absorbendi
1158 4410 1306 4480 humores
1327 4413 1383 4482 ad·

252 4509 436 4595 scripserim
456 4534 519 4598 quo
539 4514 677 4595 accedit,
698 4513 784 4601 quod
802 4516 866 4583 tria
879 4516 934 4582 vix
950 4516 1077 4581 videtur
1094 4516 1142 4583 ita
1157 4538 1379 4585 commemora·

250 4602 347 4684 turus
373 4615 473 4689 fuisse
495 4616 699 4701 Plutarchus,
725 4617 805 4706 quin
830 4619 867 4687 in
893 4618 1048 4703 proximis
1074 4618 1280 4707 participium
1303 4612 1385 4684 ἀνα·

249 4714 493 4805 λαμβάνουσαν
526 4721 646 4809 plurali
677 4744 810 4795 numero
838 4721 1035 4795 efferendum
1062 4723 1159 4797 iuuisse
1186 4728 1255 4795 iure
1281 4719 1380 4804 sospi-
