3700 5625
729 623 918 687 „p-

255 787 315 854 bus
335 805 416 869 qnae
431 784 479 863 ¹ad
503 805 593 850 suam
613 804 682 850 rem
707 785 867 868 pertinere
888 783 1085 863 viderentur,
1117 787 1265 870 inprimis
1286 786 1321 850 in
1340 805 1381 851 ea

254 896 345 974 parte
377 890 567 956 narrationis
603 911 685 974 quae
720 895 769 956 est
796 889 836 956 de
860 911 940 956 cena
971 897 1138 976 scortoque
1172 891 1384 970 oonducend0‚

254 996 408 1082 neglectis
420 996 588 1062 dumtaxat
603 997 650 1060 eis
664 1017 745 1079 quae
763 995 802 1062 de
817 995 938 1077 templo
953 995 1084 1062 obcluso
1094 998 1179 1080 apud
1194 998 1381 1064 vetustiores

255 1102 439 1168 reienmtur
460 1105 493 1165 et
520 1100 629 1182 paucis
655 1099 847 1183 quibusdam
868 1099 942 1164 aliis
970 1099 1012 1164 ad
1034 1100 1194 1184 singulare
1217 1100 1383 1166 consilium

257 1207 390 1274 adiectis
410 1206 585 1284 omissisva
619 1205 659 1270 de
690 1206 805 1289 quihus
834 1205 1019 1271 adcuratius
1048 1206 1155 1274 dicere
1183 1229 1268 1272 nunc
1299 1206 1382 1272 nihil

255 1311 392 1388 adtinet,
414 1315 451 1375 ut
471 1331 512 1376 ne
532 1311 567 1374 in
588 1309 648 1376 hoc
664 1309 792 1393 quidem
814 1309 968 1391 scriptore
980 1310 1076 1393 plane
1095 1311 1283 1377 oblitterata
1296 1309 1382 1376 vide·

255 1423 351 1484 antur
370 1418 552 1485 vetustioris
572 1417 754 1484 traditionis
775 1417 916 1502 vestigia.
956 1415 1078 1484 Harum
1097 1419 1196 1504 igitur
1216 1418 1380 1504 cogitatio

254 1547 331 1590 num
351 1525 553 1592 coniunctam
574 1524 601 1588 si
622 1524 693 1608 quis
716 1523 881 1608 agnoverit
899 1524 978 1601 vim,
1005 1524 1036 1588 ei
1064 1523 1158 1590 facile
1177 1545 1229 1590 me
1250 1543 1380 1608 persua·

257 1649 365 1692 eruum
393 1647 462 1693 esse
491 1625 628 1703 confido,
664 1625 744 1689 illud
774 1623 860 1690 haud
889 1625 1153 1690 contemnendum
1187 1647 1205 1691 e
1237 1624 1379 1692 Macrobi

254 1729 415 1814 farragine
438 1730 520 1805 erui,
541 1749 561 1793 a
581 1725 751 1792 Plutarcho
773 1728 850 1793 olim
871 1728 1025 1810 scriptum
1046 1728 1142 1793 finisse
1161 1749 1226 1793 non
1243 1728 1328 1812 perol
1342 1725 1382 1793 τὸ

256 1834 392 1898 δεῖπνον
403 1831 460 1898 sed
480 1829 589 1914 μετὰ
611 1832 681 1895 τοῦ
704 1825 887 1906 δείπνου,
905 1829 1021 1914 quibus
1036 1831 1188 1896 Larentia
1199 1831 1241 1896 ab
1255 1831 1384 1897 aedituo

254 1960 328 2004 cum
341 1938 476 2002 lautiore
489 1936 635 2002 Herculis
652 1957 737 2014 cena
757 1937 846 2001 cuius
860 1936 932 2017 ipsa
944 1957 1018 2000 mox
1035 1935 1143 2002 tritura
1157 1939 1242 2002 esset
1256 1955 1384 2018 compos

252 2049 351 2127 atquc
371 2042 544 2124 particeps,
565 2040 688 2106 inclusa
709 2039 806 2106 finisse
828 2039 1033 2125 significetur.

339 2147 458 2226 Quodsi
488 2150 574 2212 recte
605 2137 806 2211 emendatum
834 2150 883 2211 est
910 2146 962 2211 vel
987 2144 1130 2211 Macrobi
1154 2143 1308 2211 beneficio
1329 2167 1380 2212 re-

254 2247 408 2324 stitutum
431 2245 620 2312 conveniens
635 2245 762 2312 videtur
782 2265 846 2310 uno
859 2245 958 2312 verbo
977 2246 1113 2312 lectores
1130 2245 1263 2324 edoceri
1285 2268 1381 2330 quam

255 2351 296 2417 ob
319 2371 445 2416 causam
461 2349 619 2416 'larentia
647 2370 719 2414 cum
744 2371 822 2416 cena
848 2351 972 2416 inclusa
991 2349 1103 2429 inerit,
1128 2354 1295 2434 potestque
1322 2351 1383 2417 hoc

218 2481 223 2487 ·
256 2451 475 2534 percommode
497 2450 580 2530 fieri,
603 2450 630 2516 si
651 2452 796 2534 proxima
815 2453 914 2518 verba
934 2452 970 2518 in
990 2453 1076 2518 hunc
1096 2451 1163 2518 fere
1192 2451 1320 2518 modum
1342 2452 1383 2520 ab

254 2559 382 2620 auctore
403 2552 545 2636 profecta
566 2552 775 2635 suspicemur:
798 2545 843 2628 ὡς
865 2549 904 2636 δὴ
928 2554 989 2616 τοῦ
1009 2553 1095 2617 θεοῦ
1114 2549 1383 2635 μεθέξοντος

228 2685 231 2694 ·
258 2651 350 2742 αὐτῇ.
394 2654 478 2718 Hinc
500 2651 757 2732 verecundiorem
784 2651 883 2717 etiam
910 2651 1106 2719 lucrabimur
1132 2650 1279 2716 amatorii
1301 2650 1381 2717 Her-

255 2753 334 2820 culis
355 2753 587 2838 Larentiaeque
609 2753 768 2818 conmotus
798 2756 831 2817 et
863 2756 992 2817 mutuae
1013 2751 1105 2835 quasi
1125 2771 1292 2818 munerum
1312 2750 1380 2817 offi-

256 2861 439 2944 ciorumque
460 2858 644 2925 tributionis
665 2858 854 2943 imaginem3
886 2878 984 2941 quam
1011 2879 1104 2922 nemo
1132 2878 1197 2922 non
1217 2855 1303 2923 videt
1323 2858 1379 2923 ali·

255 2968 374 3046 quanto
394 2962 580 3049 viridiorem
601 2982 685 3039 esse,
715 2982 812 3045 quam
839 2960 866 3024 si
891 2959 986 3026 deum
1007 2960 1184 3025 solitarium
1211 2960 1304 3027 nobis
1331 2982 1381 3025 re-

254 3075 458 3153 praesentare
480 3090 629 3155 cogamur
659 3067 833 3133 Turcanrm
860 3066 962 3131 instar
992 3071 1140 3148 satrapae
1171 3066 1259 3151 regie
1286 3064 1380 3133 adcu-

254 3179 398 3257 bantem,
429 3178 480 3243 vel
508 3178 536 3242 si
556 3175 727 3243 Herculem
760 3175 915 3241 exhausta
942 3170 1070 3239 demum
1089 3173 1260 3255 peculiaris
1285 3195 1382 3241 cenae
1519 3223 1523 3228 -

254 3276 397 3344 lubidine
419 3278 461 3343 ad
481 3278 627 3343 lascivias
644 3298 715 3341 oum
737 3275 888 3341 Larentia
906 3273 1099 3341 exercendas
1119 3296 1187 3341 sese
1206 3275 1380 3341 accinxisse

254 3383 418 3468 fingamus.
462 3381 608 3448 Ceterum
630 3380 700 3446 fons
722 3380 839 3445 erroris
866 3380 901 3444 in
927 3379 1095 3461 propatulo
1125 3384 1188 3459 eet,
1216 3401 1292 3464 nam
1320 3380 1385 3444 dici

254 3490 309 3553 vix
330 3492 450 3571 potest,
473 3508 567 3571 quam
589 3507 682 3567 saepe
703 3487 902 3551 notissimum
926 3486 1136 3569 conpendium
1163 3467 1226 3560 (ΤΟ,
1242 3465 1311 3544 ld'Y
1325 3485 1383 3548 etc.

254 3594 306 3659 vel
325 3593 432 3675 ipsum
456 3591 577 3657 scribas
597 3589 748 3655 fefellerit
766 3590 816 3655 vel
835 3591 988 3657 vocabula
1007 3591 1099 3656 iuxta
1126 3588 1231 3672 posita
1251 3586 1380 3655 detrun·

257 3693 380 3761 caverit
412 3692 493 3777 (qua
523 3690 619 3755 dere
641 3687 701 3755 vid.
732 3687 831 3755 Cobet
851 3689 914 3753 NL.
944 3710 974 3771 p.
999 3690 1061 3773 10).
1113 3687 1163 3754 Ad
1190 3708 1260 3754 rem
1280 3688 1383 3770 ipsam

255 3818 330 3863 vero
350 3795 435 3880 quod
457 3794 596 3872 adtinet,
618 3792 701 3858 nihil
722 3793 878 3858 succurrit
898 3791 983 3876 quod
1002 3791 1196 3857 commodius
1209 3812 1384 3874 conparare

255 3898 389 3982 possim,
410 3917 507 3981 quam
528 3895 656 3978 Iosephi
678 3893 948 3959 narratiunculam
969 3893 1129 3977 quantivis
1149 3893 1247 3977 pretii
1268 3893 1303 3957 in
1317 3893 1382 3958 An-

255 4004 312 4087 tiq.
324 4001 391 4066 Iud
404 3998 523 4077 XVIIL
545 4004 572 4076 3,
589 4005 608 4065 4
624 3998 664 4064 de
684 3997 842 4083 flagitioso
864 4001 974 4079 stupro
995 4018 1017 4061 a
1036 3995 1170 4075 Mundo,
1191 3996 1299 4080 equite
1319 3996 1380 4060 Ro·

257 4129 358 4184 mano,
380 4104 550 4183 Paulinae,
573 4102 737 4169 Saturnini
759 4103 856 4181 uxori,
878 4104 913 4167 in
935 4102 1009 4169 fano
1024 4103 1131 4182 Isidis,
1153 4100 1309 4167 Anubidis
1331 4100 1382 4165 dei

256 4212 347 4300 quasi
367 4208 516 4291 auspiciis
537 4213 570 4273 et
590 4208 669 4291 ipsis
695 4208 789 4273 Isidis
818 4206 1035 4278 sacerdotibus
1062 4228 1192 4273 manum
1217 4206 1383 4289 locumque

214 4322 217 4329 “
256 4310 494 4394 praebentibus,
513 4309 629 4387 inlato,
649 4309 706 4374 ubi
727 4314 800 4391 post
816 4309 892 4389 alia,
913 4330 995 4393 quae
1016 4309 1097 4374 nihil
1116 4309 1157 4374 ad
1176 4328 1259 4387 rem,
1279 4329 1380 4376 sacer-

256 4414 367 4478 dotum
395 4413 568 4479 Isiacorum
597 4416 677 4478 natu
707 4413 862 4479 maximus
893 4413 935 4480 ad
959 4413 1137 4479 Paullinam
1165 4412 1381 4481 intromissus:

258 4652 377 4719 Silligad
393 4654 456 4706 Plin.
469 4670 493 4705 n.
507 4652 534 4707 h.
544 4650 641 4719 XXXI,
659 4654 702 4718 23,
722 4654 797 4705 novis
814 4654 972 4719 quibusdam
984 4652 1111 4719 exemplis
1125 4655 1259 4707 adstruere
1272 4657 1382 4705 conatus

256 4756 315 4794 cum
333 4742 359 4795 in
379 4742 482 4807 Quaem
502 4741 568 4795 Plut.
587 4740 619 4792 lll
640 4757 666 4808 p.
686 4742 718 4792 43
740 4754 780 4807 sq.
840 4772 843 4781 ι
1140 4753 1144 4762 ·
