3700 5625
720 625 1044 702 ..pp-y

271 783 473 852 scribendum
494 805 564 851 esse
591 779 678 851 ἀλλὰ
699 783 759 872 τὴν
779 783 910 874 τροφὴν
934 780 1081 870 ὥσπερ
1110 775 1304 870 ὐθλητού
1331 779 1396 848 σί-

271 910 393 974 τησιν
415 885 520 973 περὶ
547 881 843 970 τοῦσώματος
864 879 1034 964 εὐεξίαν
1057 879 1314 950 ὐναλίσκιον.
1358 884 1398 949 In

270 991 387 1074 quibus
407 990 492 1074 quod
508 990 755 1075 wyttenbachio
775 990 857 1056 duce
877 989 1027 1071 adoptavi
1048 983 1217 1067 εὐεξίαν
1237 1009 1296 1073 pro
1313 988 1393 1074 rolg.

270 1091 382 1173 ὐταξ
388 1093 464 1173 ίαν,
487 1095 538 1160 rel
553 1099 590 1159 ut
609 1095 666 1161 alii
686 1094 761 1159 libri
782 1099 948 1176 praestant
963 1089 1125 1170 εὐταξίαν,
1143 1091 1262 1158 idcireo
1275 1091 1395 1158 factum

271 1203 334 1274 est,
364 1197 442 1281 quia
461 1202 534 1279 poet
553 1197 664 1279 priam
684 1201 872 1260 continentur
892 1196 1031 1278 repetita
1057 1196 1176 1261 mentio
1196 1197 1249 1260 vix
1269 1195 1397 1260 admitti

270 1319 365 1381 posse
379 1299 554 1364 videbatur.
597 1297 745 1364 (laterum
767 1298 806 1364 de
828 1298 940 1364 eadem
957 1299 1097 1380 corporis
1111 1291 1221 1385 εὐεξίᾳ
1236 1303 1398 1364 certamen

162 1443 167 1448 ·
271 1424 330 1486 per
354 1404 524 1470 Graeciam
552 1405 734 1469 institutum
759 1401 915 1467 indicavit
942 1403 1040 1468 etiam
1066 1401 1128 1470 Dio
1150 1399 1307 1486 chrysost
1333 1400 1398 1466 XII

272 1509 391 1585 palo,
412 1496 515 1588 aut
538 1499 701 1586 σύμπασα
721 1496 839 1580 Ἑλλὰς
853 1499 980 1580 θυσίας
994 1526 1030 1568 τε
1044 1499 1177 1569 θύουσα
1196 1500 1233 1568 ἐκ
1249 1503 1312 1568 τῶν
1331 1526 1399 1568 πα-

272 1602 399 1694 ρόντων
419 1606 691 1695 μεγαλοπρεπεῖς
719 1605 776 1671 καί
799 1604 839 1692 δὴ
868 1605 925 1672 καί
954 1604 1011 1672 τὸν
1033 1599 1267 1674 εὐκλεέστατον
1288 1601 1400 1694 ὐμοῖνα

270 1717 408 1778 τιθεῖσα
423 1707 578 1801 ἀπαρχὰς
598 1706 729 1790 εὐεξίας
744 1711 801 1778 καί
817 1710 932 1802 ῥώμης
949 1711 1006 1778 καί
1020 1708 1148 1796 τάχους,
1174 1733 1305 1797 eumque
1328 1713 1397 1784 ath·

269 1818 354 1884 letas
367 1817 514 1884 fabarum
527 1818 723 1884 nutrimento
744 1822 967 1883 consecuturos
989 1839 1056 1884 esse
1077 1817 1242 1887 admonuit
1262 1818 1400 1886 Galenus

271 1921 484 1988 dedimiae
500 1922 525 2000 Ι,
546 1928 586 1990 19
597 1922 631 1988 Τ.
646 1920 693 1987 VI
707 1943 737 2005 p.
753 1927 824 1999 529,
843 1929 877 1988 11
888 1921 928 1987 K
949 1921 1007 1987 καί
1024 1918 1171 2009 πλείστῳ
1187 1945 1224 2008 με
1236 1919 1343 2010 τούτιμ
1355 1925 1402 2010 τῷ

272 2022 432 2107 ἐδέσματι
449 2018 528 2089 καθ’
547 2018 687 2108 ἑκάστην
701 2019 829 2111 ἡμέραν
846 2021 877 2088 οῖ
895 2017 977 2112 παρ’
999 2017 1077 2109 ἡμῖν
1093 2022 1280 2106 μονομάχοι
1297 2028 1400 2114 χραῖν-

272 2150 344 2206 ται,
366 2127 628 2222 σαρκοῦντες
655 2124 728 2211 τὴν
757 2126 832 2190 τού
860 2121 1063 2204 σώματος
1091 2121 1182 2202 ἕξιν
1214 2119 1273 2192 οὐκ
1302 2121 1401 2212 έσφι-

271 2225 375 2312 μμένῃ
389 2224 499 2290 τεκαὶ
515 2228 623 2313 πυκνῇ
642 2223 751 2313 σαρκί,
774 2222 935 2313 καθάπερ
951 2221 990 2289 τὸ
1009 2222 1156 2312 χοίρειον
1177 2224 1292 2314 κρέας,
1315 2220 1402 2292 ἀλλὰ

270 2324 454 2414 χαυνοτέρα
477 2350 550 2404 πως
569 2326 715 2408 μᾶλλον,
737 2324 778 2392 de
796 2345 859 2408 quo
879 2325 949 2394 loco
971 2324 1105 2408 aliisque
1128 2325 1318 2408 quibusdam
1338 2326 1400 2392 huc

275 2434 510 2515 pertinentibus
531 2434 696 2504 scitissime
718 2434 867 2518 exposuit
884 2431 1170 2511 undeuuanda,
1193 2432 1400 2520 Sittengesch.

274 2534 372 2601 Rome
401 2534 435 2598 11
462 2554 492 2616 p.
521 2540 592 2612 207,
618 2540 652 2613 2,
683 2538 720 2600 ut
748 2555 806 2618 ego
835 2534 890 2602 vix
918 2533 1020 2600 ullum
1047 2534 1263 2604 testimonium
1293 2536 1334 2604 ab
1364 2556 1402 2604 eo

277 2623 539 2721 praetermissum
560 2637 677 2704 addere
701 2638 866 2720 potuerim.

366 2741 568 2825 Quantopere
588 2741 795 2808 librariorum
822 2741 987 2806 temeritas
1016 2741 1051 2805 in
1079 2739 1320 2825 participiorum
1340 2745 1403 2810 ter-

276 2849 506 2919 minationibus
524 2869 583 2932 pro
604 2847 740 2915 arbitrio
767 2848 803 2913 in
827 2847 968 2913 deterius
990 2845 1151 2915 mutandis
1171 2851 1315 2930 massata
1335 2845 1401 2916 iue-

272 2950 317 3015 rit
337 2971 397 3032 per
418 2950 589 3033 scriptores
616 2949 754 3018 labentis
783 2948 983 3033 potissimum
1013 2948 1097 3027 aevi,
1127 2946 1182 3013 via
1198 2948 1304 3031 aptius
1325 2950 1402 3033 peni

276 3060 397 3142 poterit
417 3059 611 3141 exemplum,
640 3080 736 3143 quam
762 3057 858 3123 rerba
885 3056 1049 3123 Plutarchi
1077 3056 1112 3123 in
1134 3053 1236 3125 Praei.
1259 3055 1331 3127 libr.
1353 3054 1400 3122 VI

275 3183 304 3245 p.
328 3166 432 3240 osec,
451 3167 592 3229 tractata
609 3161 707 3229 illae
727 3160 837 3228 multis
857 3180 972 3243 parum
993 3159 1078 3225 felici
1109 3179 1269 3237 successu,
1292 3180 1400 3243 quam·

274 3290 371 3353 quam
401 3268 566 3337 fatendum
592 3273 641 3333 est
679 3268 746 3337 veri
781 3266 906 3351 aliquid
947 3266 1122 3335 suboluisse
1149 3264 1404 3349 Wyttenbaehio.

274 3371 314 3440 lu
333 3370 386 3437 bis
405 3375 575 3455 postquam
595 3369 750 3452 explicuit
775 3374 899 3446 auctor,
927 3389 1024 3451 quam
1044 3366 1222 3435 inliberalis
1248 3366 1290 3431 eit
1315 3365 1401 3433 volu-

276 3480 403 3557 ptatum
423 3496 506 3558 quae
527 3494 546 3539 e
566 3472 638 3539 cibo
660 3476 776 3555 potuve
796 3470 1017 3554 percipientem
1036 3466 1231 3547 recordatio,
1261 3466 1307 3532 sic
1329 3486 1401 3533 cen·

273 3580 417 3648 tinuatur
436 3579 538 3647 oratio
555 3575 802 3666 προβλημάτων
823 3576 859 3641 δὲ
880 3574 937 3641 καί
962 3570 1068 3660 λόγων
1091 3566 1291 3660 φιλοσόφων
1319 3565 1404 3637 ὐπο-

272 3686 389 3764 eaesae
425 3679 547 3764 αὐτοῦς
576 3683 655 3763 τούς
683 3681 911 3769 μεμνημένους
939 3674 1176 3769 εὐφραίνουσιν
1211 3671 1265 3745 ἀεὶ
1297 3672 1405 3771 πρόσ-

273 3808 379 3874 φατοι
403 3787 584 3876 παροῦσαι·
616 3783 687 3852 καί
716 3783 815 3861 τούς
844 3776 1208 3869 ἀπολειφθέντας
1234 3775 1304 3865 οὐχ
1333 3769 1406 3851 ὐτ-

272 3914 345 3959 τον
367 3886 428 3969 είς
450 3885 596 3957 αἰτίαν
619 3890 864 3979 παρέχουσι
886 3880 1145 3965 τοῖςαύτοῖς
1162 3876 1406 3961 ὐκούοντας

274 3994 347 4063 καὶ
368 3989 792 4079 μεταλαμβάνοντας.
841 3990 914 4058 Non
936 4010 1014 4073 opus
1038 3987 1164 4055 ridetur
1182 3992 1219 4054 ut
1240 3986 1279 4052 da
1298 3987 1403 4071 singu·

276 4101 317 4165 lis
335 4100 449 4168 dicam
498 4098 584 4166 Illud
612 4103 759 4182 apertum
789 4103 851 4175 est,
882 4097 986 4166 lenius
1015 4092 1303 4179 interpungendum
1335 4113 1403 4161 esse

274 4210 346 4285 post
364 4207 546 4290 παροῦσαι,
570 4224 672 4288 neque
690 4224 748 4286 per
764 4202 955 4269 sententiam
973 4200 1045 4266 fieri
1055 4202 1173 4282 potest,
1197 4201 1233 4261 ut
1250 4194 1308 4260 καί
1328 4194 1408 4273 τούς

275 4300 553 4393 ἀπολειφθέντας
580 4306 753 4392 iungantur
774 4305 1039 4390 comprimitur,
1067 4302 1102 4366 id
1123 4299 1207 4385 qued
1227 4300 1403 4367 inconside-

273 4412 375 4479 ratius
395 4412 472 4478 fecit
492 4407 655 4492 Renum,
674 4413 709 4477 in
726 4434 764 4479 ee
777 4417 886 4478 tamen
899 4412 935 4475 ni
950 4410 1089 4475 fallimur
1103 4428 1213 4473 rerum
1229 4407 1415 4486 adseculae·

271 4516 357 4599 quod
379 4509 500 4593 αὐτούς
521 4540 558 4581 τε
579 4514 658 4595 τούς
679 4515 882 4583 scribendum
894 4512 1098 4597 proponebat
1133 4510 1212 4577 Tum
1231 4511 1324 4579 facile
1345 4514 1408 4578 erit

274 4621 412 4687 nitorem
433 4642 524 4688 suum
544 4621 678 4691 reddere
699 4623 853 4712 proximis
875 4620 997 4698 verbis,
1016 4640 1097 4703 quae
1118 4618 1171 4684 vix
1198 4617 1408 4687 dubitandum

273 4732 319 4795 est
346 4727 426 4811 quia
445 4726 523 4801 olim
541 4728 587 4797 sic
607 4729 728 4821 scripta
750 4728 869 4801 fuerim
889 4724 945 4794 καί
968 4728 1039 4803 τοῖς
1062 4720 1327 4812 ἀπολειφθεῖσιν
1351 4716 1409 4805 οὐχ

1207 4858 1246 4917 11
