3700 5625
905 653 949 664 ..
990 617 1033 685 44
1074 651 1118 663 ..

452 777 644 866 Chrysippus
665 799 714 862 ap.
732 777 902 845 Stobaeum
918 779 984 845 Ecl.
1006 779 1126 864 phyal
1147 799 1178 861 p.
1198 781 1266 856 102,
1283 783 1319 843 11
1344 776 1442 842 dixit:
1467 717 1575 864 παρά-

452 883 550 944 θεσιν
560 879 620 961 μὲν
632 875 694 967 γὰρ
708 869 792 944 εἶναι
805 875 968 962 σωμάτων
978 877 1131 967 συναφὴν
1142 875 1227 943 κατὰ
1237 874 1296 956 τοὶς
1308 872 1520 962 ἐπιφανείας·
1531 870 1576 954 ὥς

451 972 1576 1068 ἐπὶτῶνσιρῶν(11111οο11111111εΜο111ε11111111101111ωοσωρῶν)ὁρῶ-

449 1107 510 1168 μεν
526 1082 560 1150 ἕν
578 1075 629 1162 οἷς
645 1082 748 1173 πυροί
770 1109 805 1151 τε
821 1085 876 1152 καὶ
896 1086 1015 1174 κριθαί
1039 1087 1094 1152 καὶ
1116 1087 1221 1174 φακοὶ
1236 1085 1293 1151 καί
1306 1081 1343 1153 εἴ
1357 1109 1431 1150 τινα
1446 1080 1576 1162 τούτοις

450 1179 537 1254 <itta
551 1185 773 1278 παραπλήσια
791 1190 988 1280 περιέχεται,
1005 1211 1086 1274 quae
1097 1190 1220 1255 adstrui
1233 1192 1381 1271 poterant
1395 1187 1578 1270 incorrupta

447 1293 551 1380 glossa
566 1293 680 1361 Suidae
705 1301 821 1383 σιροῖς·
840 1290 1023 1384 ὀρύγμασιν
1050 1296 1084 1364 ἕν
1099 1289 1150 1374 οἷς
1172 1292 1393 1362 κατατίθεται
1414 1293 1456 1368 τὰ
1471 1293 1575 1379 σπέρ-

448 1424 538 1482 ματα
553 1400 631 1466 conl.
649 1399 714 1466 Aet.
729 1399 761 1467 h.
777 1421 803 1466 a.
820 1400 860 1480 II,
878 1407 918 1467 25
932 1399 1167 1488 πληρώσαντες
1179 1397 1256 1478 τούς
1267 1397 1301 1464 ἐν
1312 1402 1359 1486 τῷ
1369 1399 1462 1485 μυχῷ
1477 1396 1575 1483 σφίσι

449 1503 563 1593 σιρούς
580 1507 690 1594 πυρῶν
709 1530 745 1571 τε
764 1505 819 1572 καὶ
837 1509 975 1595 κριθῶν.
1013 1507 1092 1572 Plin.
1110 1507 1141 1573 11,
1161 1528 1191 1572 n.
1203 1502 1322 1579 xvul,
1336 1507 1384 1581 30,
1397 1507 1459 1570 306
1474 1500 1577 1566 Varro

452 1609 491 1676 de
507 1632 531 1674 r.
550 1633 575 1675 r.
588 1611 610 1690 l,
625 1617 673 1690 57,
690 1619 703 1678 1
723 1616 850 1696 atquae
866 1614 1008 1698 congessi
1021 1613 1056 1677 in
1071 1613 1195 1690 Quaest.
1207 1610 1287 1675 Plut.
1302 1608 1318 1673 I
1333 1629 1363 1691 p.
1377 1611 1417 1674 48
1431 1608 1525 1690 sq.*),
1541 1629 1579 1673 ex

453 1735 515 1798 quo
527 1717 634 1780 statim
645 1715 817 1800 intelleges,
830 1738 924 1799 quam
941 1723 1027 1782 recte
1042 1739 1063 1782 a
1074 1738 1124 1781 me
1138 1717 1173 1780 in
1186 1713 1291 1780 verbis
1302 1712 1458 1797 contiguis
1475 1707 1528 1776 ὅτι
1539 1710 1575 1776 δὲ

449 1807 467 1877 d
492 1814 598 1905 πιιρός
619 1811 685 1898 iicet
707 1841 740 1883 τι
764 1813 902 1906 θερμόν,
926 1815 1163 1907 τεκμαίρονται
1183 1820 1254 1894 τοῖς
1276 1809 1496 1904 ἀμφορεῦσιν,
1528 1801 1573 1878 ὧν

447 1916 666 2001 ἐντιθεμένων
684 1918 718 1997 ἐς
733 1924 824 1986 σῖτον
847 1917 1099 1998 ἐξαναλίσκεται
1120 1918 1245 2001 ταχέως
1266 1914 1285 1983 ὁ
1306 1910 1405 1996 οἶνος,
1431 1917 1570 1998 iampri-

394 2075 395 2084 .
447 2019 520 2114 dem
531 2021 733 2086 emendatum
746 2023 788 2087 sit
800 2017 862 2100 είς
881 2019 1007 2108 σιρόν.
1028 2024 1114 2101 Quae
1125 2023 1252 2106 quidem
1263 2022 1396 2104 suspitio
1406 2021 1487 2086 mihi
1498 2021 1577 2087 adeo

449 2123 577 2191 cudens
600 2126 767 2192 videbatur
788 2149 863 2205 esse,
886 2133 924 2192 ut
943 2129 1103 2194 neminem
1126 2129 1271 2194 dubitare
1293 2149 1384 2210 posse
1406 2127 1577 2194 crederem.

448 2228 496 2294 Ea
515 2252 566 2296 me
586 2231 692 2314 opinio
714 2230 836 2298 fefellit.
880 2231 1068 2297 Duebnerus
1090 2232 1182 2310 enim,
1205 2233 1292 2296 cuius
1313 2231 1476 2329 hodieque
1493 2253 1562 2315 gra-

446 2333 568 2399 tissima
585 2335 740 2413 inanimo
762 2355 831 2400 meo
853 2333 952 2399 infixa
966 2336 1077 2401 haeret
1096 2335 1256 2413 memoria,
1276 2335 1355 2399 haec
1375 2333 1568 2415 intemptata

446 2441 625 2525 relinquere
638 2442 758 2520 maluit,
781 2464 820 2508 ne
835 2443 870 2506 in
883 2465 920 2508 eo
935 2443 1064 2526 quidem
1085 2443 1166 2508 mihi
1187 2443 1417 2525 obtemperans,
1438 2440 1523 2524 quod
1540 2439 1575 2519 ἒς

450 2543 499 2610 rel
522 2544 589 2610 sine
612 2544 767 2611 librorum
788 2545 980 2610 adminiculo
1002 2549 1183 2610 constanter
1204 2566 1244 2610 ex
1263 2543 1426 2609 Plutarchi
1447 2542 1574 2626 scriptis

448 2647 648 2714 eximendum
675 2648 767 2714 suasi.
811 2647 853 2712 Et
872 2647 997 2713 addixit
1024 2647 1152 2731 quidem
1175 2647 1307 2729 posthae
1329 2647 1404 2710 huic
1425 2646 1571 2714 observa-

451 2751 539 2830 tioni,
560 2773 655 2837 quam
676 2747 813 2835 praeivit
834 2749 1021 2817 Schaeierus
1042 2749 1081 2815 ad
1098 2748 1179 2815 Plut.
1195 2750 1248 2816 vit.
1264 2749 1348 2815 Tom.
1365 2747 1398 2813 II
1411 2769 1441 2831 p.
1458 2752 1575 2825 4115,

445 2850 543 2917 codex
563 2850 832 2930 vindobonensis,
850 2851 905 2935 qui
923 2852 960 2915 in
980 2850 1099 2917 talibus
1121 2851 1282 2917 interdum
1308 2856 1358 2917 est
1376 2850 1574 2917 emendatior

442 2955 619 3039 ceterisff).
644 2952 686 3019 At
698 2976 807 3021 eorum
820 2976 900 3039 quae
915 2960 1091 3039 sequuntur
1107 2953 1163 3019 καὶ
1174 2951 1274 3040 νίτρῳ
1297 2952 1531 3040 συνημμένα
1540 2978 1567 3032 ς,

442 3054 510 3125 ὑπὸ
531 3057 743 3147 θερμότητος
760 3060 839 3123 mihi
857 3059 934 3124 olim
955 3050 1093 3143 (Quaest.
1110 3059 1190 3123 Plut.
1204 3057 1237 3123 II
1252 3080 1281 3141 p.
1299 3060 1354 3138 30)
1375 3058 1453 3123 satis
1475 3078 1569 3140 expe-

442 3162 511 3228 dita
533 3182 600 3227 esse
620 3161 786 3227 videbatur
816 3162 974 3228 sententia
995 3162 1162 3229 scribendo
1192 3161 1248 3227 καὶ
1274 3157 1375 3248 νίτρῳ
1407 3184 1571 3244 συμπε-

442 3266 685 3349 πασμὲνος,
721 3289 816 3351 quam
845 3266 1010 3332 audaciam
1037 3267 1199 3333 Plutarchi
1230 3263 1339 3333 manes
1370 3289 1465 3351 aegre
1490 3268 1572 3333 mihi

441 3386 510 3432 esse
530 3365 763 3431 condonaturos
784 3388 917 3445 vererer,
939 3367 1002 3431 nisi
1023 3367 1144 3433 leniore
1164 3366 1324 3433 medicina
1344 3367 1441 3434 hodie
1463 3367 1569 3433 locum

457 3530 639 3538 m—--m

512 3624 541 3688 *)
567 3625 617 3678 Cir.
637 3626 746 3693 Procop.
766 3628 791 3680 b.
811 3643 836 3693 g.
858 3628 893 3692 tt,
916 3630 925 3678 1
948 3644 972 3693 p.
996 3630 1054 3692 146,
1082 3629 1113 3679 15
1140 3630 1166 3688 a
1186 3624 1304 3695 βαθεῖαν
1329 3647 1389 3680 τινα
1414 3624 1572 3698 διώρυχα

446 3714 585 3782 ἐμπίπτει,
603 3707 659 3765 οἷαι
677 3716 778 3766 πολλαὶ
796 3720 851 3774 τοῖς
871 3710 957 3767 uritur
978 3711 1139 3784 ἀνθρώποις
1156 3713 1226 3785 πρὸς
1242 3722 1319 3770 σίτου
1337 3714 1577 3785 παρακαταθήκην

443 3801 574 3863 ἐνταῦθα,
593 3791 679 3867 οἶμαι,
692 3806 863 3866 πεποίηνται.
883 3802 1007 3855 Putidum
1026 3810 1066 3855 ost
1084 3805 1155 3869 quod
1167 3805 1237 3871 apud
1254 3804 1329 3858 oron.
1340 3803 1432 3875 Chrys.
1451 3822 1488 3860 or.
1501 3806 1571 3872 xxi,

441 3900 466 3951 p.
488 3882 574 3935 totu.
596 3882 705 3934 codices
724 3899 816 3935 recens
831 3886 947 3939 fabricati
969 3895 997 3940 ut
1015 3890 1152 3941 vetustatis
1177 3889 1294 3941 eolorrm
1319 3891 1483 3956 odoremque
1506 3908 1571 3945 con·

440 3966 587 4031 traherent,
616 3967 723 4032 perinde
746 3974 824 4034 atquo
851 3970 993 4035 amphorae
1010 3973 1126 4023 vinariae
1150 3974 1219 4039 apud
1238 3972 1422 4039 Plutarchum,
1448 3976 1572 4029 dicuutur

440 4054 724 4120 carraccetenses,
749 4068 816 4118 quea
835 4056 1000 4107 manifestum
1019 4064 1059 4109 est
1080 4059 1212 4109 docuisses
1229 4076 1290 4110 esse
1307 4061 1333 4110 in
1349 4072 1448 4111 'caveas
1467 4062 1571 4114 subter-

439 4157 540 4206 raneas,
560 4142 659 4193 scilicet
671 4158 723 4192 non
744 4142 779 4194 oh
797 4160 938 4206 remearem,
959 4150 987 4194 ut
1005 4146 1159 4209 opinabatur
1178 4144 1229 4198 tac.
1247 4144 1310 4196 Geel
1328 4146 1360 4195 ad
1377 4146 1455 4199 Dion.
1472 4143 1566 4217 Chrys.

440 4228 541 4297 Olymp.
561 4243 586 4293 p.
607 4229 673 4293 262,
703 4230 746 4293 qui
767 4228 853 4280 nullus
879 4245 940 4281 esse
962 4230 1091 4295 debebat,
1116 4234 1222 4297 quando
1239 4235 1368 4284 frumenta
1386 4249 1433 4299 per
1449 4233 1568 4287 hiemem

439 4317 615 4369 conservaturi
627 4323 708 4381 erunt,
722 4318 770 4367 sed
782 4317 816 4369 ob
827 4316 938 4367 calidam
950 4319 1082 4382 quandam
1097 4319 1148 4370 1οεί
1159 4321 1401 4386 frumentatumque
1411 4321 1447 4375 ibi
1459 4336 1568 4374 coacer-

440 4408 558 4455 vatorum
578 4401 784 4469 exhalationem,
811 4418 879 4469 quac
895 4419 1022 4473 papyrum
1041 4407 1108 4457 adeo
1127 4409 1259 4459 infuscare
1277 4408 1439 4461 credebatur.
1478 4410 1569 4475 ltaque

437 4489 490 4541 illic
510 4502 617 4553 quoque
635 4490 770 4555 aptissime
790 4493 828 4549 εἰς
845 4484 924 4560 σιρόν
943 4497 1087 4543 correctum
1106 4508 1166 4544 esee
1185 4494 1244 4558 quie
1263 4510 1315 4544 non
1333 4493 1445 4559 probet?
1516 4485 1524 4490 ’

507 4571 551 4637 '‘*l
568 4572 611 4633 Ἐς
629 4576 715 4627 editur
730 4576 817 4628 adhuc
837 4576 902 4629 Plut.
923 4574 1014 4653 Symp.
1036 4577 1078 4639 tv,
1097 4582 1122 4641 6,
1145 4580 1155 4630 1
1176 4594 1201 4645 p.
1223 4580 1297 4631 illd
1317 4579 1348 4639 tc
1366 4574 1415 4645 τὴν
1433 4596 1567 4650 ιριιιηρι·

435 4661 488 4731 κήν
505 4667 677 4731 παντέλειαν,
703 4665 749 4718 ubi
770 4668 847 4718 nimis
878 4666 1044 4718 verecundae
1063 4672 1134 4719 esset
1158 4669 1203 4734 qui
1220 4667 1374 4720 tralaticium
1393 4667 1420 4727 ἐς
1435 4666 1497 4719 loeo
1516 4684 1566 4719 suc

433 4752 596 4819 relinqueret.
