3700 5625
815 666 819 673 .
948 601 1161 664 -76—

488 771 561 849 post
575 775 601 832 ἃ
617 765 733 832 vocalis
753 765 924 848 adspirate„
940 769 1059 830 certam
1074 763 1227 846 dispicere
1245 761 1364 844 poteris
1383 763 1534 848 regulam
1555 763 1615 828 im-

486 892 539 936 mo
560 871 594 935 in
617 870 806 954 quibusdam
832 892 903 936 cum
933 864 1020 934 ἄλλά
1042 874 1076 935 et
1095 867 1150 934 ἵνα
1173 868 1345 950 conpositis
1373 868 1532 947 fumidis,
1562 891 1616 934 ve·

486 973 546 1038 luti
567 975 602 1038 in
624 968 695 1038 ἄλλ)
718 967 773 1052 ὦς,
797 966 868 1038 ἀλλ’
891 967 1016 1060 ὥσπερ,
1043 963 1114 1035 ἀλλ’
1138 966 1199 1051 ὅτι,
1224 964 1296 1036 ἀλλ’
1318 969 1423 1049 ἕνεκα,
1447 964 1616 1049 ἀλλ’ὓπό,

489 1070 562 1142 ἀλλ)
584 1073 665 1165 ὅρα,
685 1070 726 1141 ‘lv'
749 1072 864 1160 ὥσπερ
896 1079 1023 1140 centum
1045 1075 1129 1153 aliis,
1151 1095 1224 1140 casu
1239 1074 1372 1142 fortasse
1394 1076 1496 1160 magis
1518 1096 1619 1159 quam

490 1178 622 1243 consilio
642 1178 805 1261 aliquanto
825 1177 1020 1260 frequentior
1042 1176 1179 1241 occurrit
1200 1175 1298 1242 elisio,
1327 1174 1437 1260 Neque
1458 1176 1618 1242 eiusmodi

488 1282 668 1364 inparilitas
687 1302 746 1363 per
764 1301 797 1346 se
818 1281 913 1363 plane
943 1280 1095 1345 abhorret
1124 1281 1164 1346 ab
1195 1281 1407 1347 recentiorum
1427 1282 1620 1364 scriptorum

487 1381 619 1451 licentia
638 1379 809 1463 veldedita
829 1402 928 1463 opera
950 1381 1173 1446 vocabulorum
1193 1381 1311 1446 formas
1327 1382 1529 1448 miscentium
1541 1383 1617 1466 (lm-

491 1483 573 1548 beck
595 1483 732 1568 Parerga
752 1484 793 1548 ad
808 1483 924 1568 Phryn.
946 1505 975 1566 p.
994 1485 1077 1570 496).
1109 1484 1170 1550 Sed
1190 1507 1382 1569 quamquam
1409 1508 1472 1551 non
1493 1487 1620 1561 nescius

490 1606 567 1665 sum,
582 1607 645 1651 uno
666 1586 804 1653 alterove
826 1588 970 1669 exemplo
991 1592 1041 1652 tot
1061 1589 1222 1672 tantisque
1243 1590 1411 1655 contrariis
1432 1591 1618 1672 extantibus

490 1694 555 1754 tam
572 1689 743 1771 ancipitem
755 1711 793 1754 ac
811 1689 1005 1754 salebrosum
1019 1710 1087 1754 rem
1101 1689 1214 1754 confici
1230 1711 1293 1754 non
1308 1711 1408 1772 posse,
1426 1691 1618 1773 praesertim

490 1816 562 1859 cum
582 1794 660 1878 qnid
682 1794 805 1860 scribae
833 1795 869 1858 in
890 1793 952 1859 hoc
973 1814 1088 1878 genere
1109 1793 1148 1858 de
1170 1815 1226 1859 suo
1246 1794 1354 1879 largiti
1377 1795 1441 1860 sint
1462 1815 1527 1859 non
1548 1815 1615 1860 ma·

376 1949 393 1990 .·
488 1899 537 1982 85⁸
558 1897 685 1964 definiri
702 1898 810 1980 possit,
828 1919 983 1980 perquam
1000 1897 1116 1962 mirum
1136 1902 1243 1962 temm
1264 1897 1364 1964 estin
1385 1898 1508 1982 aliquot
1523 1897 1613 1981 Sym-

488 2005 687 2087 posiacorum
707 2005 792 2082 locis,
811 2008 849 2068 ut
869 2004 975 2068 inhia
995 2003 1088 2090 libris
1109 2025 1192 2068 nune
1207 2025 1257 2069 me
1279 2004 1466 2082 contineam,
1488 2003 1615 2069 vocales

489 2117 711 2178 consumentes
743 2132 808 2176 non
837 2132 929 2193 posse
969 2110 1184 2188 exterminari,
1221 2110 1284 2176 nisi
1317 2110 1553 2176 violentissimis
1591 2111 1617 2174 si

488 2217 582 2283 modo
601 2217 636 2281 in
654 2218 803 2299 promptu
821 2220 894 2280 sunt
914 2213 1068 2280 adhibitis
1079 2215 1236 2293 remediis
1249 2219 1286 2280 ut
1305 2214 1446 2280 nesciam
1463 2236 1506 2279 an
1522 2236 1614 2297 prae·

487 2324 570 2389 sidia
581 2322 771 2388 defensionis
780 2321 815 2384 in
833 2319 1049 2402 adspiratione
1064 2319 1218 2384 vocalium
1230 2319 1496 2402 subsequentium,
1515 2341 1615 2402 quan-

488 2429 529 2494 do
549 2429 599 2494 vel
619 2428 724 2494 brevis
744 2431 959 2509 praeponatur
977 2426 1065 2491 brevi
1083 2425 1133 2491 vel
1151 2426 1256 2492 brevis
1281 2426 1402 2510 longae,
1424 2427 1618 2515 constituere

489 2536 646 2614 praestet,
668 2552 764 2614 quam
781 2531 844 2595 loci
864 2528 1053 2597 medicinam
1075 2529 1110 2593 in
1131 2531 1382 2596 coniectruarum
1404 2530 1508 2596 aleam
1531 2553 1615 2596 com-

434 2651 442 2658 ·
488 2639 615 2704 mittere
643 2636 739 2721 idque
766 2636 834 2702 sine
858 2635 924 2700 ullo
953 2656 1046 2717 saepe
1077 2636 1251 2701 sententiae
1280 2635 1501 2702 emolumento.
1557 2636 1616 2714 lta

489 2739 573 2825 quod
593 2740 628 2803 in
650 2743 845 2805 antecessum
866 2739 1057 2818 monuerim,
1087 2760 1151 2804 non
1183 2738 1307 2805 videtur
1335 2739 1491 2822 proscribi
1523 2761 1617 2823 posse

420 2831 424 2839 ⁴
489 2845 526 2925 V,
549 2852 576 2924 7,
598 2849 617 2912 3
638 2865 669 2929 p.
692 2847 781 2911 esre
804 2837 863 2909 οὐκ
886 2834 1001 2921 οἶσθα,
1025 2837 1119 2929 ἔφην,
1144 2838 1197 2907 ὅτι
1220 2840 1442 2923 πάσχουσα
1466 2838 1484 2929 ἡ
1509 2842 1618 2934 ψυχὴ

489 2948 528 3015 τὸ
553 2953 648 3033 σῶμα
671 2944 873 3033 διατίθησιν,
896 2947 932 3009 in
952 2946 1067 3029 quibus
1086 2946 1272 3013 Benselerus
1298 2947 1378 3012 miro
1401 2947 1546 3012 acumine
1565 2968 1614 3011 ar-

487 3051 622 3117 ticulum
643 3049 743 3116 deleri
762 3070 854 3131 posse
875 3048 1073 3130 opinabatur.
1116 3048 1183 3114 Nec
1212 3048 1497 3131 obtemperandum
1519 3054 1612 3131 puta-

490 3158 590 3223 verim
611 3156 714 3222 eidem
735 3155 797 3219 viri
818 3154 911 3219 docto
931 3154 1003 3233 VII,
1026 3160 1054 3233 6,
1077 3160 1095 3221 3
1114 3176 1144 3238 p.
1161 3162 1250 3223 voss
1270 3156 1305 3220 in
1317 3156 1421 3222 verbis
1443 3153 1473 3220 εἰ
1497 3154 1535 3221 δὲ
1556 3156 1614 3241 μὴ,

488 3266 554 3329 τῶν
582 3257 676 3327 ἰδίων
704 3255 812 3345 φίλων
842 3248 900 3336 οὓς
930 3252 970 3339 dlv
1006 3258 1063 3323 καὶ
1092 3252 1213 3345 ἤθελεν
1243 3254 1344 3339 αὐτὸς
1378 3255 1568 3325 ἑλέσθαι
1595 3254 1614 3323 ὁ

488 3365 680 3449 δειπνίζων,
701 3365 759 3433 ubi
779 3366 807 3431 si
826 3366 1045 3446 transponitur
1065 3366 1100 3429 in
1115 3366 1205 3431 ¹hunc
1227 3365 1355 3431 modum
1377 3362 1477 3439 αὐτὸς
1501 3358 1519 3428 ὁ
1547 3365 1615 3429 δει-

491 3465 614 3547 πνίζων
637 3461 779 3531 ἑλέσθαι
807 3464 929 3530 foedior
957 3464 1056 3529 multo
1078 3464 1112 3529 ni
1134 3464 1227 3529 fallor
1249 3464 1359 3529 existit
1390 3464 1499 3528 hiatus
1530 3464 1615 3527 inter

491 3569 633 3639 ἑλέσθαι
664 3576 697 3637 et
718 3570 803 3654 quod
830 3570 973 3654 sequitur
1008 3566 1165 3655 ἐπιεικής.
1211 3568 1331 3635 Eadem
1358 3569 1451 3634 venia
1479 3568 1615 3634 fortame

488 3674 659 3741 condonari
687 3678 793 3756 posset
828 3674 935 3739 hiatus
957 3673 1001 3751 V,
1026 3679 1081 3751 10,
1111 3680 1131 3740 4
1158 3694 1187 3756 p.
1211 3673 1302 3741 used
1335 3674 1370 3738 in
1397 3673 1449 3738 his
1481 3669 1615 3759 σιωπή-

488 3800 609 3857 σαντος
630 3778 667 3845 δέ
685 3802 766 3860 μου,
796 3777 931 3856 Φιλῖνος
952 3772 1150 3861 ὑπολαβών,
1172 3776 1210 3843 τὸ
1240 3777 1277 3844 δὲ
1298 3775 1434 3864 γόνιμον
1459 3770 1498 3841 οὗ
1521 3778 1615 3842 δοκεῖ

488 3878 643 3971 σοι,ἓ’φη,
659 3884 756 3947 θεῖον
773 3873 867 3960 εἶναι,
891 3876 1016 3969 εἴπερ
1042 3872 1159 3970 doxae
1180 3876 1199 3947 ὃ
1222 3880 1325 3959 θεὸς
1348 3879 1529 3961 πάντων,
1550 3882 1615 3947 nisi

487 3987 645 4054 sententia
664 3985 769 4051 locum
789 3986 859 4049 vitii
873 3990 1028 4070 argueret.
1050 3985 1169 4051 Verum
1195 4008 1252 4053 nec
1267 3982 1495 4071 Wyttenbachi
1517 3980 1616 4071 εἴπερ

487 4088 569 4182 ἄρχ’)
592 4085 610 4154 ὃ
632 4086 724 4169 θεός,
744 4109 802 4153 nec
817 4088 928 4153 Reiski
950 4083 1046 4176 εἴπερ
1063 4080 1165 4176 ἔρχει,
1190 4085 1350 4177 καθάπερ
1373 4081 1392 4152 ὃ
1409 4086 1503 4166 θεὸς,
1528 4082 1615 4151 πάν-

489 4222 572 4278 των,
608 4218 668 4263 nec
700 4195 838 4279 denique
871 4194 1143 4279 qnod'Faehsius
1175 4196 1230 4280 qui
1265 4184 1472 4261 Plutarchum
1498 4194 1616 4257 misere

486 4307 633 4385 torquere
655 4301 742 4378 solet,
764 4298 886 4364 invenit
907 4293 1004 4385 εἴπερ
1032 4290 1125 4385 ἄρχει
1146 4296 1227 4376 θεὸς
1247 4293 1310 4375 ὥς,
1340 4297 1391 4362 cui
1413 4294 1499 4380 quod
1517 4295 1618 4360 miror

488 4406 674 4472 Benselerus
708 4405 861 4470 adsensus
890 4406 953 4479 est,
989 4400 1065 4467 ferri
1094 4405 1233 4483 possunt.
1294 4400 1333 4464 In
1365 4398 1534 4483 propatulo
1566 4400 1618 4461 est
1688 4408 1689 4411 ’

490 4501 613 4585 ὁθεός
638 4505 719 4571 nihil
741 4526 809 4571 esse
829 4504 892 4569 nisi
913 4503 1230 4585 interpretamentum
1258 4502 1405 4567 monachi
1437 4497 1615 4574 christiani,
1688 4528 1689 4589 ι

488 4610 539 4675 cui
560 4608 723 4676 obscurius
748 4608 797 4673 vel
817 4606 960 4692 argutius
997 4603 1117 4668 dictum
1137 4601 1305 4667 videbatur
1330 4598 1414 4685 quod
1436 4600 1558 4666 invenit
1575 4598 1615 4661 in
1688 4598 1689 4683 l

487 4709 666 4794 archetypo.
725 4706 837 4790 ltaque
868 4727 961 4773 nemo
995 4706 1156 4775 dubitabit
1185 4706 1290 4773 locum
1323 4705 1370 4773 ita
1407 4726 1531 4773 mecum
1559 4723 1613 4769 re-
