3700 5625
682 619 725 632 -
769 585 830 650 1οἸ
874 618 918 629 -

168 761 171 765 “
228 758 359 818 ammae
376 755 506 818 νυῶϊσῶ
523 739 703 834 aequat
747 747 839 828 Quod
859 769 932 814 oum
954 747 1033 814 dicit
1053 745 1163 814 (icero
1185 746 1266 812 nihil
1285 765 1358 812 eum

229 856 341 922 dixisse
355 855 445 922 vides
462 854 563 932 aliud,
584 874 681 937 quam
695 852 782 936 quod
795 873 860 930 nos,
879 853 936 936 qui
953 857 1106 918 οωαῶνκο
1117 855 1239 918 colimus
1254 854 1359 916 Musas

229 957 326 1041 magis
351 958 515 1042 magisque
536 956 573 1021 in
593 955 661 1021 dies
686 956 923 1039 conquerimur,
954 955 1040 1039 quod
1069 955 1268 1022 delectabilis
1295 954 1358 1020 ista

229 1084 331 1128 rerum
351 1063 504 1128 utilitatis
522 1061 706 1143 disciplina,
727 1061 790 1126 nisi
817 1081 889 1126 suos
907 1059 988 1126 fines
1012 1060 1121 1146 egredi
1144 1060 1357 1144 prohibeatur,

231 1186 335 1230 omnes
358 1163 708 1230 omuino-liberaliores
729 1163 903 1228 iuventutis
923 1167 1051 1228 nostrae
1071 1163 1202 1246 spiritus
1231 1183 1357 1246 pessum

231 1273 341 1338 datura
355 1272 406 1337 vel
422 1271 614 1338 suffocatura
635 1276 690 1338 est
730 1271 813 1336 Utut
825 1275 883 1349 est,
903 1269 985 1336 illud
1002 1271 1072 1336 iure
1088 1271 1213 1336 mireris
1229 1269 1352 1336 Cicero-

231 1400 300 1444 nem
319 1379 470 1460 cuiquam
483 1377 610 1461 mystici
629 1377 722 1442 istius
743 1376 925 1443 Plutarchei
948 1375 1107 1442 diacorum
1128 1377 1250 1442 sonitus
1271 1375 1357 1442 haud

232 1479 494 1547 contemnendum
514 1477 722 1562 interpretem
743 1482 845 1547 visum
876 1501 953 1548 esse.
1007 1481 1135 1547 Etenim
1160 1503 1200 1548 ne
1221 1482 1249 1546 si
1270 1485 1357 1548 recte
1433 1487 1438 1496 '

232 1587 356 1672 qrndem
370 1586 448 1653 inde
467 1586 648 1652 conclusum
666 1591 761 1666 esset,
779 1586 861 1653 disci
883 1608 960 1653 sono
980 1587 1105 1672 signum
1128 1587 1238 1654 datum
1259 1587 1356 1654 fuisse

232 1694 505 1772 exercitationum,
527 1692 690 1759 commode
702 1694 737 1758 id
757 1694 893 1776 conponi
904 1693 1011 1776 potuit
1024 1713 1096 1758 cum
1112 1694 1235 1761 ceteris.
1262 1693 1354 1760 (lerte

232 1797 306 1864 talia
327 1797 355 1862 si
376 1797 566 1862 Plutarchus
593 1796 773 1882 significare
801 1798 966 1876 voluisset,
1001 1797 1191 1864 lucidentius
1212 1799 1353 1880 reperire

231 1904 384 1984 potuisset
403 1923 518 1970 causae
537 1902 884 1983 suae·firmamentum;
908 1925 1012 1988 neque
1034 1904 1191 1988 gravabor
1212 1903 1355 1986 profiteri

234 2029 281 2072 me
302 2007 508 2072 Plutarchum
536 1995 660 2072 novisse
688 2006 876 2088 scriptorem
904 2027 971 2073 non
999 2005 1078 2073 adeo
1099 2007 1243 2090 ineptum
1263 2012 1358 2092 atque

231 2111 425 2192 purnbeum,
446 2112 501 2196 qui
520 2111 607 2194 quod
627 2111 755 2196 signum
774 2110 885 2175 datum
904 2115 975 2177 erat
995 2109 1075 2176 disci
1096 2110 1234 2196 quadam
1248 2111 1354 2194 pulsa·
1439 2193 1440 2198 ἵ

230 2217 314 2282 tione
334 2218 440 2285 nescio
462 2239 525 2301 quo
545 2222 656 2300 pacto,
684 2237 741 2282 suo
766 2217 836 2282 iure
857 2217 890 2281 id
911 2216 997 2282 inter
1023 2217 1179 2301 symbola,
1201 2240 1218 2282 e
1243 2215 1358 2300 quibus

230 2324 322 2390 homo
346 2325 494 2407 suspicax
521 2323 651 2390 trahere
669 2323 770 2406 possit
796 2319 950 2388 indicium
981 2322 1160 2406 quodlibet,
1193 2322 1355 2389 rettulisse

230 2429 400 2494 censendus
421 2430 471 2494 sit
515 2429 596 2494 Mihi
618 2427 746 2513 quidem
766 2449 829 2512 quo
848 2428 919 2512 quis
942 2427 1125 2494 adcuratius
1146 2425 1250 2494 locum
1267 2426 1354 2494 Cice-

230 2530 318 2594 ronis
338 2529 585 2596 consideraverit
609 2531 830 2614 rationemque
859 2531 927 2596 eius
948 2531 1159 2612 reputaverit,
1195 2530 1357 2595 eominus

230 2637 259 2700 ei
279 2635 321 2701 ad
341 2635 504 2701 Plutarchi
531 2635 629 2702 verba
652 2635 841 2718 explicanda
869 2635 1049 2701 tributurus
1070 2634 1203 2700 videtur.
1256 2633 1357 2699 Multo

229 2739 329 2825 magis
348 2740 486 2819 mireris,
509 2739 593 2824 quod
609 2740 776 2819 Dacerius,
795 2740 889 2804 horno
906 2759 999 2822 saepe
1016 2739 1152 2804 insulsus
1168 2737 1354 2822 adscripsit:

230 2846 262 2907 le
290 2866 350 2909 soa
378 2845 442 2908 dea
469 2848 638 2909 barsina:
667 2843 735 2909 c'eet
762 2866 868 2908 omnmo
893 2864 965 2908 υοκο
985 2846 1097 2907 δυ’νκοκο
1121 2841 1358 2929 αυ]ουκδ’δυυ’ἶο

228 2972 277 3012 roo
299 2952 348 3014 dee
367 2955 532 3033 eampum
559 2971 596 3014 ou
618 2952 667 3014 des
687 2952 850 3028 amacura
877 2971 927 3013 oar
947 2953 988 3014 les
1009 2948 1101 3013 Grecs
1127 2972 1157 3013 ee
1177 2954 1239 3013 sont
1265 2954 1357 3013 equis

228 3059 404 3141 quelqaefoie
416 3060 451 3121 de
464 3060 575 3121 δαυῶκο
593 3056 720 3122 detracta
739 3060 810 3121 duos
830 3060 870 3121 les
887 3062 1017 3140 troupee,
1040 3077 1121 3139 quae
1136 3054 1255 3137 partim
1268 3054 1358 3120 nulla

228 3159 346 3240 partim
371 3158 487 3243 exigua
513 3156 576 3224 fide
600 3158 734 3237 tradita,
764 3179 847 3223 nunc
876 3157 1059 3223 adcuratius
1080 3156 1262 3223 examinare
1291 3177 1356 3221 non

228 3258 326 3324 lubet
354 3259 437 3337 Quid
458 3259 556 3345 igitur
575 3258 734 3336 faciemus,
758 3264 926 3342 postquam
946 3257 997 3323 his
1016 3262 1177 3340 utcunque
1199 3257 1354 3338 interpre-

230 3363 404 3429 tationibus
425 3363 507 3427 nihil
528 3383 586 3428 nos
606 3362 724 3427 lucrari
746 3362 903 3427 vidimus?
927 3360 1175 3427 Emendabimus
1196 3358 1354 3437 audacter,

229 3486 289 3531 nec
311 3466 437 3545 dubito,
457 3466 535 3549 quin
557 3466 656 3531 cuivis
673 3486 731 3548 per
752 3486 785 3531 se
808 3466 879 3548 ipsa
898 3466 964 3531 iarn
985 3486 1018 3530 se
1039 3463 1297 3531 commendatore
1312 3464 1355 3529 sit

228 3568 397 3634 verborum
415 3570 550 3635 mutatio
569 3566 688 3633 καὶτὰ
709 3566 845 3655 τεχνητὰ
868 3570 931 3634 τῶν
954 3565 1129 3651 συμβόλων
1146 3562 1354 3649 ἀθετοῦντες,

229 3666 407 3757 ψήφους
432 3697 476 3739 τε
506 3669 724 3739 καδίσκων
747 3672 804 3738 καὶ
826 3677 923 3759 φῶτα
948 3676 1081 3763 πυρσῶν
1101 3674 1157 3739 καὶ
1179 3671 1357 3761 γνωμόνων

227 3769 495 3857 ἀποσκιασμούς.
538 3779 628 3844 Inter
645 3800 753 3845 omnes
777 3780 843 3846 fere
866 3779 961 3845 hodie
982 3785 1105 3845 constat
1123 3780 1186 3848 duo
1208 3781 1304 3850 fluisse
1323 3782 1357 3848 in

225 3881 399 3949 dicasterio
421 3880 601 3960 καδίσκους
621 3904 645 3952 s.
668 3878 807 3963 κάδους,
838 3883 974 3949 alterum
998 3876 1111 3973 κύριον
1133 3908 1157 3951 s.
1181 3883 1355 3973 πρότερον,
1430 3882 1433 3890 ’

225 3988 367 4054 alterum
384 3980 507 4077 δίκυρον
528 4009 552 4054 s.
574 3982 713 4077 ὕστερον
733 3993 963 4071 nuncupatum,
992 3990 1132 4075 itemque
1154 3992 1271 4073 duplex
1292 3989 1354 4055 cal·

226 4078 374 4157 culorum
393 4114 416 4157 s.
441 4089 568 4179 ψήφων
589 4113 700 4176 genus,
724 4093 861 4158 alterum
881 4096 945 4157 τῶν
967 4094 1133 4175 μελαινῶν
1152 4116 1175 4159 s.
1191 4116 1355 4180 τετρυπη-

223 4196 348 4278 μὲνιον,
367 4196 483 4280 quibus
504 4196 539 4261 in
554 4196 643 4278 prius
657 4196 818 4262 vasculum
838 4197 965 4263 iniectis
986 4219 1059 4263 reus
1080 4196 1355 4274 condemnabatur,

223 4301 365 4366 alterum
390 4303 457 4364 τῶν
479 4298 602 4365 λευκῶν
623 4322 647 4366 s.
671 4293 877 4389 δσρυνκὴτων,
910 4302 1025 4386 quibus
1045 4300 1267 4367 absolvebatur
1288 4301 1355 4385 (cfr.

222 4403 333 4469 Meier
354 4408 385 4467 et
406 4400 605 4469 Schoemaun
626 4402 691 4469 Att.
711 4402 841 4469 Prooess
862 4424 893 4485 p.
909 4408 971 4471 720
988 4424 1054 4487 sqq.
1077 4406 1110 4467 et
1128 4401 1279 4469 Peterson
1292 4402 1354 4470 Ob-

223 4504 424 4572 servationes
451 4505 487 4569 in
516 4504 785 4590 Agamemnonem
806 4505 951 4590 Aeschyl.
980 4508 1061 4587 part.
1084 4504 1117 4569 Π
1141 4504 1358 4590 (Miscellanea
1489 4560 1499 4575 .

221 4610 325 4677 Hafru
353 4609 400 4676 ed.
429 4610 577 4678 Muenter
606 4611 692 4676 Tom.
720 4602 805 4693 Hp.
828 4615 869 4677 60
897 4608 987 4694 sqq).
1046 4608 1141 4677 Unde
1171 4631 1263 4676 nemo
1293 4630 1357 4674 non

220 4717 330 4796 videt,
367 4738 464 4801 quam
492 4722 567 4799 apte
600 4717 712 4783 calculi
741 4738 762 4783 a
792 4714 950 4781 iudicibus
988 4714 1023 4779 in
1056 4715 1183 4781 vascula
1220 4713 1357 4792 demissi,
