3700 5625
931 613 1164 680 ⁴108-

485 779 600 864 qm'bus
628 781 690 848 rite
712 780 892 864 conputatio
913 779 1135 867 gravissimum
1156 781 1205 847 vel
1226 749 1440 847 domuitionis
1461 779 1512 846 vei
1533 777 1613 846 libe-

484 881 618 947 rationis
650 879 741 948 fieret
769 880 936 959 indicium,
966 886 1186 963 conponantur
1214 903 1286 947 oum
1315 882 1387 946 aliis
1411 885 1550 964 symbolo
1570 881 1612 947 ad

384 1027 393 1044 .
485 979 623 1046 aliarum
648 1002 755 1047 rerum
776 978 930 1044 indicium
950 978 1114 1045 hominum
1140 983 1208 1045 orte
1235 999 1392 1062 manuque
1421 979 1615 1062 conparatio.

487 1081 544 1148 on
563 1088 601 1147 ut
622 1085 724 1149 omnis
746 1083 874 1149 omnino
899 1081 1033 1149 tollatur
1059 1083 1224 1167 scrupulus
1249 1082 1346 1150 etiam
1373 1084 1434 1149 hoo
1465 1085 1614 1170 subiungi

485 1190 603 1270 potest,
630 1207 694 1252 non
717 1185 813 1252 semel
836 1184 1043 1264 calculorum,
1073 1207 1090 1252 e
1119 1185 1234 1272 quibus
1254 1184 1434 1252 futurorum
1454 1187 1614 1253 malorum

484 1290 677 1356 bonorumve
706 1289 875 1373 praesagia
909 1293 1123 1368 sumerentur,
1164 1290 1197 1354 in
1232 1295 1375 1356 veterum
1408 1313 1442 1358 re
1473 1293 1614 1358 vaticino

486 1394 678 1461 mentionem
705 1393 784 1459 fieri.
837 1393 884 1458 De
912 1413 974 1477 quo
1004 1391 1167 1458 divinandi
1198 1415 1313 1479 genere
1341 1400 1470 1478 praeter
1501 1396 1615 1464 Iambl.

477 1495 525 1562 'de
547 1500 638 1581 myst.
660 1495 723 1574 111,
749 1501 804 1561 17:
834 1491 864 1560 εἰ
886 1492 924 1560 δὲ
954 1485 1028 1581 ίίχρι
1055 1495 1119 1559 τῶν
1148 1485 1287 1583 ἀψύχων
1310 1483 1366 1558 οἷα
1396 1488 1615 1583 ψηφιδίωνῆ

486 1594 595 1662 λίθων
618 1590 639 1683 ἢ
660 1594 792 1687 ῥάβδων
815 1588 836 1682 ἢ
858 1591 964 1674 ξύλων
985 1594 1081 1658 τινῶν
1103 1586 1124 1680 ἢ
1147 1595 1259 1681 πυρῶν
1283 1585 1305 1680 ἢ
1332 1586 1484 1680 ἀλφίτων
1507 1589 1616 1682 διήκει

483 1701 523 1767 τὸ
545 1705 642 1768 θεῖον
668 1702 710 1790 τῇ
739 1694 969 1789 προδηλώσει,
1002 1690 1084 1763 αὐτὸ
1113 1699 1211 1764 τοῦτο
1242 1696 1298 1764 καὶ
1327 1695 1614 1780 θαυμασιώτατόν

484 1807 556 1874 ἐστι
592 1809 651 1894 τῆς
680 1802 781 1883 θείας
818 1805 979 1891 μαντικῆς
1012 1799 1249 1892 προσημασίας
1279 1807 1313 1871 et
1346 1803 1472 1870 Annam
1504 1803 1612 1871 Comn.

484 1915 545 1995 vl,
567 1922 634 1998 ip.
657 1919 734 1993 292,
756 1920 776 1980 4
798 1933 866 1997 sqq.
894 1910 950 1978 καὶ
972 1904 991 1978 ὅ
1013 1905 1206 1998 Αἰγύπτιος
1228 1909 1351 1990 ἐκεῖνος
1375 1905 1612 1998 Ἀλεξανδρεὺς

487 2019 593 2098 πολὺς
613 2010 654 2107 ἦν
667 2017 710 2084 τὰ
728 2020 785 2106 τῆς
807 2010 1030 2104 ἀστρολογίας
1052 2011 1224 2103 ἐμφαίνων
1244 2007 1356 2104 ίίρμια·
1379 2004 1416 2094 ὃς
1438 2015 1495 2083 καί
1518 2014 1611 2103 παρὰ

487 2120 619 2187 πολλῶν
645 2117 856 2207 ἐρωτώμενος
879 2111 1104 2206 ἀκριβέστατα
1134 2115 1416 2206 προεμαντεύετο·
1448 2117 1483 2186 ἐν
1512 2114 1612 2198 ἐνίοις

485 2224 523 2291 δὲ
545 2219 623 2291 οὐδὲ
644 2217 855 2309 ἄστρολάβοο
878 2217 1050 2305 δεόμενος,
1086 2217 1172 2287 ἀλλὰ
1194 2219 1252 2288 διά
1279 2247 1368 2302 τινος
1400 2237 1610 2312 ψηφηφο-

485 2328 529 2417 ρί
536 2353 586 2408 ας
619 2327 680 2406 τὰς
719 2322 924 2417 προρρήσεις
957 2324 1157 2414 ἐπεποίητο,
1193 2328 1339 2411 inprimis
1370 2329 1527 2396 videndus
1563 2334 1609 2396 est

484 2430 612 2499 Lobeok
632 2429 667 2495 in
685 2428 838 2515 Aglaoph.
859 2447 889 2511 p.
912 2430 975 2495 814
997 2449 1043 2512 sq.
1326 2435 1328 2440 '

703 2638 806 2710 Ἀλλὰ
830 2645 932 2710 ταῦτα
955 2643 1015 2726 μὲν
1036 2631 1103 2710 ὧδέ
1125 2667 1171 2729 πη
1193 2643 1386 2732 γεγράφθω.

482 2769 603 2909 ser-ipsi
625 2822 760 2909 Misniae
781 2820 941 2887 Saxonum
962 2820 1026 2886 v11
1048 2799 1111 2888 oa'l.
1135 2820 1221 2905 Sept.
1242 2840 1439 2891 moooonxrv.
