3700 5625
923 574 1136 646 ψῃ,

472 735 547 802 sci
579 734 625 800 cd
661 734 910 822 παραλέξαι
940 740 1085 819 μῦθον
1119 719 1489 827 παραμβλύνσνσα
1524 734 1595 804 καὶ

471 839 636 930 ψυχρὸν
661 838 702 906 ἐν
725 835 824 927 σ’ίνιμ
847 841 1074 930 συμφέρει,
1105 843 1177 917 πῶς
1197 836 1331 930 αἰσχρὸν
1354 839 1461 912 εἰπεῖν
1479 865 1514 911 τι
1538 838 1598 907 καὶ

475 939 616 1011 ἀκοῦσαι
643 942 690 1022 εἰς
712 941 888 1021 συνουσίας
915 947 1033 1032 χρῆσιν
1053 936 1233 1032 ὠφελίμως
1254 939 1441 1029 λεγόμενον.
1484 944 1523 1008 Iu
1544 942 1598 1008 hia

470 1067 551 1131 quae
575 1047 659 1114 nihil
678 1045 767 1114 aliud
782 1046 892 1116 volunt
909 1067 1005 1130 quam
1021 1046 1231 1116 Horatiauum
1257 1045 1378 1112 dulce
1400 1069 1490 1122 esse
1512 1046 1594 1122 ali·

446 1144 633 1237 'quando
663 1152 856 1234 desipere
887 1152 929 1224 in
965 1151 1067 1230 loco,
1099 1152 1193 1234 plura
1221 1156 1296 1226 suut
1322 1174 1403 1236 quae
1431 1152 1599 1230 adtentum

469 1251 619 1326 lectorem
645 1251 820 1330 advertant.
867 1251 913 1318 Ac
943 1251 1081 1333 primum
1109 1250 1240 1335 quidem
1269 1250 1479 1330 hauddubie
1506 1257 1595 1328 recta

472 1351 655 1443 μμραλέξ
659 1377 698 1418 αι
715 1375 754 1420 ex
769 1351 911 1430 codicum
927 1351 1020 1436 lenge
1033 1351 1243 1434 plurimorum
1258 1353 1393 1420 lectione
1412 1351 1598 1442 παραλέξαι

469 1462 644 1532 cementum
659 1463 708 1532 est
724 1478 783 1539 pro
800 1477 837 1534 ep
854 1455 940 1540 quod
959 1456 1027 1522 sine
1042 1477 1135 1533 sensu
1152 1456 1351 1529 scribebatur
1368 1451 1596 1543 παραλλάξαι.

469 1560 581 1636 altera
602 1560 732 1636 offensio
754 1561 878 1626 eratin
900 1561 1052 1627 vocabulo
1080 1557 1376 1648 παραμβλύνοιπα,
1406 1561 1494 1626 cuius
1516 1560 1595 1638 loce,

470 1687 542 1734 cum
562 1665 604 1735 ad
621 1665 845 1741 conectendsm
860 1666 1037 1738 oraticnem
1049 1663 1170 1748 aliquid
1184 1663 1425 1740 desideraretur,
1445 1663 1592 1748 Wytten-

381 1828 385 1838 .
466 1768 599 1838 bachius
620 1763 964 1854 proposuitaciasp
988 1760 1151 1849 ἀμβλὺν
1179 1758 1282 1832 λίνεα
1312 1766 1382 1831 καὶ
1413 1761 1592 1854 ψυχρόν,

468 1873 639 1958 inquibus
675 1873 752 1957 qqid
779 1874 815 1938 in
842 1871 900 1938 tali
926 1894 961 1948 re
990 1872 1052 1937 sibi
1079 1871 1155 1937 velit
1176 1868 1299 1962 καίπερ
1332 1876 1364 1946 et
1386 1893 1450 1956 qua
1471 1869 1589 1956 siguifi-

467 1980 591 2050 catione
617 1981 756 2062 pesitum
785 1979 839 2058 sit,
871 1999 929 2062 ego
955 2000 1005 2042 me
1033 1998 1098 2044 non
1126 1976 1258 2062 adsequi
1288 1977 1398 2044 fateor.
1446 1978 1592 2062 Denique

465 2082 640 2164 permirum
661 2088 711 2148 est
731 2082 902 2160 neminem,
931 2085 1157 2164 praeterquam
1177 2102 1275 2146 unum
1296 2081 1513 2159 mauriacum,
1535 2081 1592 2164 qui

465 2205 524 2267 pro
544 2182 578 2256 έν
594 2181 672 2270 αἴνῳ
688 2185 769 2262 miro
784 2184 943 2251 mehercle
959 2184 1103 2248 acumine
1119 2184 1340 2269 corrigendum
1355 2185 1455 2252 suasit
1472 2181 1590 2264 ἐνίοτε,

465 2289 633 2364 offendisse
654 2291 759 2356 verbis
786 2289 820 2356 έν
843 2285 938 2376 αἴνῳ,
970 2311 1050 2375 qnae
1072 2311 1169 2374 quam
1191 2291 1298 2374 inepte
1320 2291 1500 2368 adiciantur
1518 2295 1593 2373 post.

468 2395 607 2473 κύλικος
625 2395 854 2485 προκειμένης,
881 2396 980 2476 (cuius
1002 2395 1072 2462 loco
1092 2397 1185 2477 alias,
1209 2397 1265 2464 ubi
1283 2397 1371 2462 nulla
1392 2403 1462 2462 erat
1482 2397 1591 2472 hiatus

464 2501 604 2572 evitandi
631 2502 815 2580 necessitate,
844 2502 1048 2585 praeoptavit
1077 2501 1203 2591 κρατὴρ
1233 2499 1267 2567 έν
1292 2502 1384 2588 μέσῳ
1399 2497 1590 2594 πρόκειται

383 2603 386 2620 “
467 2600 566 2670 veluti
581 2598 684 2685 Symp.
702 2599 730 2678 1,
756 2607 780 2678 1,
803 2607 822 2666 5
843 2620 874 2682 p.
898 2605 995 2668 615a
1015 2599 1095 2677 conl
1116 2600 1195 2666 Mor.
1218 2622 1249 2685 p.
1271 2607 1330 2677 421
1346 2602 1392 2688 a),
1414 2602 1505 2688 quasi
1526 2623 1593 2676 nun

466 2703 586 2782 hrerint
603 2703 682 2772 haec
697 2703 773 2768 satis
790 2703 896 2770 facilia
911 2704 953 2779 ad
967 2704 1228 2790 intellegendum,
1249 2706 1303 2773 vix
1316 2727 1395 2790 opus
1412 2712 1459 2778 est
1471 2705 1587 2780 dicere.

463 2803 526 2885 Sed
541 2828 592 2873 res
606 2805 692 2875 selva
707 2810 771 2887 est3
792 2806 827 2871 in
839 2806 950 2890 paucis
963 2806 1166 2876 manifestum
1179 2808 1309 2876 rarioris
1324 2808 1473 2875 dictionis
1487 2809 1585 2884 inter-

462 2918 696 2997 pretamentum
709 2919 835 2982 tenetur
849 2914 1045 2997 adscriptum
1060 2916 1102 2987 ad
1120 2911 1253 2994 κύλικας
1268 2918 1497 3003 πρακειμένηςι
1513 2939 1590 2983 mox

465 3018 649 3102 emargine
678 3017 783 3084 alieno
810 3018 878 3083 loco
905 3019 940 3083 iu
966 3024 1149 3086 contextum
1174 3019 1401 3102 inperitissime
1422 3020 1588 3101 adscitum,

462 3125 500 3186 ut
512 3124 616 3185 totum
629 3120 746 3199 locum,
769 3119 881 3203 putida
902 3128 1081 3203 praeterea,
1103 3128 1140 3187 ut
1161 3124 1281 3206 opinor,
1303 3123 1521 3210 dittographia
1535 3148 1584 3194 re-

461 3228 560 3303 mota,
582 3224 617 3289 in
634 3223 797 3300 Plutarchi
814 3245 940 3294 sensum
963 3225 1199 3325 convenientius
1215 3227 1416 3294 constituisse
1432 3228 1585 3296 arbitrer:

462 3323 595 3407 κύλικος
617 3327 653 3393 δὲ
676 3327 897 3416 προκειμένης
919 3326 955 3393 έν
983 3326 1142 3415 συνήθεσι
1166 3328 1223 3396 καλ
1244 3326 1373 3417 φίλαις,
1406 3326 1492 3402 ἔνθα
1515 3331 1587 3397 καὶ
1690 3365 1691 3380 ¹

461 3429 506 3499 cd
537 3430 782 3521 παραλέξαι
811 3433 951 3513 μῦθον
984 3425 1149 3517 ἀμβλὺν
1180 3424 1282 3499 ὄντα
1313 3434 1384 3500 καὶ
1417 3435 1584 3523 ψυχρὸν

461 3534 521 3620 [ἐν
549 3531 668 3622 οἷ’νιμ]
697 3536 912 3623 συμφέρει
935 3536 1002 3601 κελ.
1058 3535 1212 3602 Similiter
1233 3536 1275 3603 ad
1298 3528 1442 3623 ὄλκραπον
1465 3533 1585 3615 πίνειν,

464 3638 579 3728 φέρειν
601 3638 666 3705 alia
694 3637 799 3715 affinis
828 3638 967 3723 generis,
997 3660 1017 3704 a
1044 3639 1157 3705 scribis
1183 3660 1247 3704 non
1275 3637 1372 3705 semel
1393 3638 1583 3720 interpreta-
1689 3669 1690 3688 ι

457 3744 599 3803 mentum
622 3728 711 3803 οἶνον
733 3737 928 3821 adscriptum
949 3738 1059 3817 finisse,
1085 3738 1169 3822 quod
1189 3740 1347 3803 constanti
1369 3737 1454 3823 apud
1475 3760 1585 3805 omnes

381 3830 390 3845 '
457 3839 622 3916 omittatur
639 3860 710 3917 risu,
731 3838 827 3923 idque
850 3841 1053 3908 coniunctum
1073 3862 1144 3905 cum
1164 3862 1240 3905 vera
1260 3841 1418 3923 scriptura
1437 3841 1487 3908 vel
1510 3862 1582 3924 per-

456 3962 567 4024 peram
581 3943 717 4008 orationi
730 3943 938 4009 intertextum
951 3945 1014 4028 legi
1027 3945 1124 4010 etiam
1135 3943 1219 4026 apud
1231 3944 1443 4023 Plutarchum,
1457 3946 1584 4027 copiose

455 4046 579 4114 ostendi
599 4048 634 4111 in
655 4047 780 4125 Quaest.
802 4044 883 4114 Plut.
906 4048 939 4111 lI
960 4065 989 4129 p.
1015 4051 1056 4113 46
1078 4068 1145 4130 sqq.
1167 4050 1201 4111 et
1222 4046 1271 4110 ΙΙΙ
1292 4066 1321 4128 p.
1345 4052 1395 4113 46.
1439 4046 1581 4111 Eandem

453 4149 555 4247 legem
589 4170 661 4215 cum
694 4147 854 4213 anxietate
888 4147 1025 4231 quadam
1060 4145 1270 4213 observabant
1311 4146 1448 4213 labentis
1486 4147 1582 4212 etiam
1688 4203 1689 4206 ,

423 4254 427 4261 ’
454 4254 635 4340 graecitatis
652 4258 797 4329 auctores
817 4254 960 4337 sacrique
981 4253 1163 4336 scriptores,
1185 4275 1203 4319 e
1224 4253 1339 4338 quihus
1353 4274 1451 4317 unum
1465 4250 1581 4316 sufficit
1688 4299 1689 4326 ,

451 4358 581 4433 hidae
598 4348 707 4429 locum
728 4358 758 4425 S.
778 4358 936 4443 Chrysost.
957 4380 987 4441 p.
1011 4365 1088 4438 262,
1112 4363 1149 4425 18
1172 4358 1272 4427 Dueb.
1296 4349 1442 4446 ι’ἰκρανσν
1465 4352 1578 4445 ὀρέξαι

452 4456 568 4529 πολύν.
601 4460 663 4527 Sed
679 4461 719 4527 de
737 4460 892 4531 eiusmodi
910 4460 1110 4526 emblematis
1124 4458 1209 4524 infra
1224 4458 1324 4524 fusius
1339 4456 1578 4540 disputabimus

534 4582 637 4671 Quam
658 4583 815 4666 insignem
837 4582 944 4649 labem
957 4582 1008 4647 his
1023 4580 1114 4647 libris
1135 4580 1296 4664 pepererit
1314 4580 1449 4646 evanida
1469 4578 1576 4645 mado-
1687 4661 1688 4682 ρ

446 4703 520 4752 reve
558 4705 653 4752 exesa
686 4683 854 4771 archetypi
891 4683 1051 4767 scriptma
1087 4680 1273 4764 explicatius
1312 4682 1433 4755 dictum
1467 4680 1581 4748 estin
