3700 5625
706 606 919 678 ..65-

252 776 299 860 se)
326 775 529 842 metalleutas
556 778 683 841 tantum
711 794 776 840 non
802 772 923 858 ubique
954 779 1104 858 expertus
1134 797 1202 842 sum
1235 777 1378 847 homines

254 880 527 969 σιωπηλοτὲρους
546 881 612 944 τῶν
641 876 833 967 Πυθαγόρᾳ
854 878 1090 946 τελεσθέντων.
1144 880 1258 964 Itaque
1278 883 1375 949 adsti-

247 984 398 1066 pulamur
423 981 585 1049 Meinekio
612 981 711 1046 etiam
736 978 771 1045 in
800 1002 838 1046 eo
865 980 953 1065 quod
973 981 1069 1048 aliter
1089 977 1277 1050 Strabonem
1297 986 1373 1050 scri·

246 1089 347 1171 psisse
375 1086 545 1152 intellexit
597 1083 707 1148 Nihilo
735 1087 843 1150 tamen
870 1084 975 1148 minus
1005 1084 1203 1152 coniecturae
1232 1087 1300 1152 eius
1331 1082 1377 1164 ὠς

245 1185 285 1254 dv
303 1189 342 1255 ἐκ
361 1185 530 1273 μετάλλου
552 1185 607 1252 καὶ
633 1180 734 1263 αὐτὸς
756 1186 872 1273 πολλῷ
898 1183 1067 1275 χρώμενος
1090 1188 1174 1276 (τῷ)
1197 1187 1373 1276 πλούτῳ,

245 1299 331 1378 quasi
349 1301 407 1378 qui
423 1299 452 1358 et
470 1297 535 1377 epse
545 1312 665 1375 mopsos
683 1311 722 1354 ea
734 1289 853 1371 sedabo
865 1293 1031 1374 eoskpr‘rset
1044 1293 1172 1373 divitiiis,
1194 1293 1375 1361 diffidimus.

245 1399 317 1464 Non
337 1399 420 1466 satis
440 1397 526 1464 enim
549 1400 625 1478 apte
647 1394 760 1477 opinor
780 1394 966 1462 Posidonius
991 1397 1075 1481 grati
1100 1401 1255 1483 tanquam
1274 1403 1373 1468 enimi

245 1500 449 1586 significandi
470 1519 565 1565 cauea
585 1497 626 1562 ad
646 1495 870 1562 describendas
890 1497 1064 1578 Hispaniae
1086 1495 1224 1578 fodinas,
1252 1500 1370 1584 quippe

245 1608 330 1673 idem
349 1605 428 1672 inde
447 1602 674 1686 locupletatus,
696 1601 864 1682 conpulsus
885 1599 982 1666 finisse
998 1599 1169 1677 diceretur,
1190 1601 1252 1666 nisi
1272 1604 1373 1668 oratio

244 1708 419 1776 revertitur
445 1706 488 1772 ad
508 1725 649 1789 eaquae
671 1702 786 1768 Strabo
808 1702 947 1769 breviter
968 1703 1133 1784 praemisit
1152 1702 1192 1769 de
1215 1705 1372 1795 ῥηιορείᾳ

247 1816 314 1879 eius
335 1813 390 1879 vel
416 1810 569 1878 orationis
594 1809 657 1874 ista
683 1806 865 1886 dulcedine,
893 1828 990 1890 quam
1018 1828 1150 1892 magnos
1172 1809 1268 1874 etiam
1289 1811 1373 1878 viros

245 1920 338 1986 facile
351 1940 376 1983 a
389 1937 464 1983 vero
481 1913 638 1981 abducere
652 1912 692 1978 de
708 1911 819 1978 eodem
833 1911 1001 1978 Posidonio
1021 1914 1239 1995 pronuntiavit
1254 1913 1373 1982 Seneca

244 2021 278 2083 in
305 2018 436 2102 epistul.
462 2036 539 2081 mor.
562 2012 648 2092 XIV,
670 2019 703 2092 2,
724 2019 773 2079 20.
823 2012 923 2098 Atqui
952 2013 994 2079 ad
1021 1997 1104 2080 bano
1133 2015 1282 2082 Posidoni
1312 2019 1372 2107 ρη-

244 2116 382 2207 τορείαν
403 2117 507 2183 denuo
535 2115 704 2180 revertisse
736 2112 923 2182 Strabonem
956 2117 1129 2184 certissime
1159 2119 1264 2204 ipsum
1292 2121 1372 2187 illud

243 2221 372 2314 ὥραιον
414 2225 523 2308 σχῆμα
555 2219 706 2285 denotare
748 2217 882 2284 videtur.
945 2219 1076 2285 Accedit
1118 2222 1204 2304 quod
1244 2231 1374 2306 recepta

244 2326 388 2394 Meineki
408 2328 591 2390 coniectura
611 2323 665 2387 vix
686 2321 883 2406 intellegitur
911 2322 988 2406 quid
1010 2343 1088 2405 opus
1113 2323 1210 2390 fuerit
1237 2328 1372 2394 articulo

243 2437 316 2499 ante
348 2427 503 2515 πλούτῳ,
532 2428 681 2494 cancellis
710 2427 832 2494 scilicet
858 2428 980 2494 incluso
1006 2452 1027 2495 a
1055 2431 1121 2495 viro
1150 2432 1372 2504 eruditissimo.

243 2531 366 2611 Quodsi
387 2535 475 2596 recte
504 2529 753 2595 demonstratum
778 2535 840 2607 est,
868 2532 903 2594 in
932 2534 1100 2613 postremis
1121 2537 1226 2602 verbis
1248 2539 1371 2625 aliquid
1405 2585 1407 2590 -

241 2635 419 2721 significari
438 2632 584 2700 debuisse
605 2633 646 2698 de
664 2631 814 2698 Posidoni
835 2634 962 2701 dicendi
983 2659 1110 2721 genere,
1138 2641 1179 2706 ab
1201 2642 1262 2708 bac
1285 2652 1372 2713 certe

243 2748 336 2825 parte
361 2760 426 2807 non
448 2737 650 2804 sollicitanda
679 2743 749 2803 erat
777 2737 942 2806 Strabonis
971 2743 1081 2810 oratio.
1131 2743 1238 2813 Nihilo
1268 2751 1372 2819 nunus

244 2852 343 2917 verba
361 2848 525 2932 postulant
544 2846 806 2913 emendationem.
845 2848 1015 2915 Enimvero
1035 2850 1196 2918 lenissima
1211 2856 1370 2924 medicina

243 2955 327 3039 qnod
340 2952 543 3040 geographus
555 2951 683 3033 scripsit
695 2951 822 3016 restitui
832 2951 924 3017 nobis
934 2951 1059 3018 videtum
1071 2954 1116 3018 sic
1126 2956 1308 3025 scribendo:
1324 2955 1371 3039 ὠς

244 3057 283 3127 ἂν
297 3061 337 3127 ἐκ
356 3056 524 3143 μετάλλου
541 3056 597 3123 καὶ
616 3051 716 3134 αὐτὸς
736 3051 899 3143 πλούτῳ
917 3055 1124 3149 χρώμενος
1143 3065 1213 3127 τοῦ
1234 3064 1369 3152 λόγου,

242 3168 329 3244 quasi
357 3165 412 3244 qai
436 3165 465 3223 et
492 3166 556 3242 epse
579 3182 618 3223 cur
639 3159 757 3238 fodinis
782 3164 895 3243 omprlos
921 3164 1067 3228 lassasset
1095 3171 1232 3231 orationis
1253 3172 1372 3237 diuitias

243 3271 530 3348 orrromrntommque
547 3268 658 3348 copisa
689 3264 774 3346 quod
794 3265 941 3348 inprimis
960 3273 1034 3350 apte
1056 3269 1175 3336 dictum
1195 3277 1372 3356 reperietur

244 3371 283 3438 de
296 3371 442 3448 homine,
460 3369 548 3434 cuius
564 3369 666 3433 oratio
680 3369 715 3432 in
728 3368 955 3437 adumbrandis
970 3372 1183 3441 subterraneis
1196 3377 1370 3461 Hispaniae

244 3475 367 3541 divitiis
392 3474 472 3540 adeo
500 3472 645 3539 evolabat
673 3473 860 3558 copioseque
886 3475 1017 3555 fluebat,
1046 3484 1083 3543 ut
1103 3481 1277 3550 rectissime
1298 3507 1371 3551 eum

243 3578 352 3645 dicere
379 3576 520 3658 potueris
548 3577 788 3641 συνενθουοιᾶν
813 3580 887 3655 ταῖς
914 3572 1133 3666 ὑπερβολαῖς,
1168 3587 1368 3666 quemadmo-
1456 3578 1459 3583 Δ

243 3680 320 3745 dum
339 3678 380 3744 de
401 3678 497 3744 rebus
516 3676 739 3762 grandioribus
765 3677 792 3740 si
823 3678 895 3760 quis
919 3677 1071 3761 loquitur·
1088 3680 1177 3763 ipsae
1203 3708 1255 3753 res
1279 3692 1371 3774 quasi

242 3787 343 3853 verba
355 3806 469 3867 rapere
484 3784 640 3849 dicuntum.
683 3782 778 3849 Lenis
794 3783 893 3866 igitur
910 3784 1019 3849 subest
1033 3785 1119 3853 lusus
1131 3788 1167 3854 iu
1186 3791 1369 3862 divitiarum

243 3896 352 3955 terrae
380 3893 414 3953 et
440 3886 592 3953 orationis
617 3886 927 3965 commemoratione,
958 3893 994 3953 ut
1020 3890 1115 3972 plane
1145 3896 1255 3964 eodem
1277 3902 1370 3966 modo

243 3994 357 4061 Cicero
378 3990 419 4057 de
444 3989 529 4057 Orat
553 3991 584 4068 Ι,
608 3996 663 4069 35,
689 3995 754 4056 161*
778 3990 882 4071 lepide
904 3990 1017 4058 lusisse
1044 3996 1191 4064 videatur
1210 4002 1245 4065 in
1268 4002 1370 4067 Crassi

241 4097 368 4164 divitiis
388 4117 426 4161 ac
451 4094 579 4160 dicendi
604 4094 766 4174 ubertate,
800 4116 871 4160 cum
892 4096 970 4162 dicit
991 4120 1023 4165 se
1045 4101 1079 4166 in
1102 4106 1244 4169 oratione
1266 4105 1370 4171 Crassi

241 4206 366 4266 divitius
386 4203 481 4283 atque
511 4200 698 4264 ornamenta
718 4198 787 4263 cius
807 4199 927 4283 ingenii
953 4224 1011 4285 per
1032 4205 1187 4289 quaedam
1208 4207 1370 4277 involucra

241 4314 341 4392 atque
370 4306 589 4389 integumenta
615 4305 812 4386 perspexisse
841 4307 909 4391 (cfr.
938 4309 1059 4387 Quinct.
1094 4310 1136 4388 X,
1170 4318 1200 4389 1,
1226 4316 1291 4397 13),
1319 4317 1369 4383 vel

241 4417 331 4503 quod
361 4415 553 4481 Claudianus
582 4415 622 4482 de
649 4416 815 4482 consulatu
835 4418 881 4483 Fl.
902 4420 992 4485 Malli
1021 4418 1178 4485 Theodori
1203 4426 1367 4505 praedica·

242 4523 289 4585 vit
310 4543 339 4586 v.
366 4525 403 4586 19
425 4540 493 4601 sqq.

373 4622 443 4688 lam
463 4643 548 4687 nunc
570 4622 703 4688 canities
722 4624 829 4701 animi,
848 4623 913 4687 iam
932 4622 1024 4689 dirlee
1045 4622 1196 4709 loquendi

375 4725 508 4808 Pondus,
531 4732 564 4794 et
584 4727 736 4794 attonitas
757 4748 859 4795 sermo
881 4726 937 4809 qui
961 4726 1090 4796 duceret
1110 4754 1220 4817 aures;

1176 4843 1191 4893 s
