3700 5625
915 541 1126 606 -eo-
1689 576 1690 638 ,

451 701 625 783 ,usurpavit
645 701 714 784 ipse
732 701 922 768 Plutarchus
942 700 1030 768 Aem.
1051 701 1137 768 Paul.
1159 706 1199 772 33
1221 701 1278 772 καὶ
1300 699 1428 796 δάκρυα
1450 707 1595 788 πολλοῖς

462 800 635 888 ἐκβάλλειν
658 804 795 891 συνέβη,
818 808 852 870 et
876 804 1017 869 omnium
1046 804 1228 887 saepissime
1250 804 1432 890 Euripides,
1452 812 1488 876 ut
1513 809 1591 876 inde
1690 820 1691 862 l

461 930 605 975 manasse
629 907 781 975 credibile
803 908 858 987 sit,
886 906 985 973 veluti
1007 905 1126 974 Hecub.
1149 903 1305 995 198ἥτις
1331 906 1478 978 κλύουσα
1500 908 1591 1002 θρὴ-

462 1037 540 1093 νους
561 1007 621 1079 οὐκ
643 1007 683 1078 dv
705 1011 842 1096 ἐκβάλοι
865 1008 980 1100 δάκρυ,
1005 1012 1107 1098 Iphig.
1122 1011 1158 1078 Α.
1175 1019 1235 1080 451
1256 1010 1408 1098 ἐκβαλεῖν
1431 1013 1594 1101 αἰδοῦμαι

461 1113 565 1201 δάκρυ
593 1117 672 1183 conl.
695 1139 722 1182 ν.
737 1123 798 1184 477
822 1110 885 1204 ἐγώ
909 1109 939 1181 o’
963 1109 1022 1180 ἀπ’
1048 1107 1156 1181 δσσων
1179 1111 1348 1200 ἐκβαλόντ’
1371 1115 1451 1187 idcir
1473 1115 1588 1211 δάκρυ,

460 1222 563 1308 Iphig.
583 1223 616 1288 T.
629 1225 691 1288 228
710 1218 862 1305 (ξείνιον)
886 1216 1018 1308 οἰκτρόν
1039 1213 1067 1284 τ’
1090 1215 1318 1304 ἐκβαλλόντων
1341 1219 1484 1314 δάκρυον
1506 1225 1586 1292 σουλ.
1692 1310 1693 1318 ¹

461 1329 528 1396 Ion.
559 1332 621 1395 924
649 1326 760 1393 Helen.
788 1331 869 1394 1336
897 1325 991 1391 Herc.
1021 1323 1081 1394 fur.
1113 1331 1174 1393 933
1203 1325 1289 1394 Aeol
1319 1327 1398 1416 frag.
1423 1331 1589 1421 vXlllll'l).

459 1435 577 1514 Quodsi
600 1434 680 1500 baec
700 1431 909 1500 concedamus
930 1429 1064 1499 indubia
1085 1452 1167 1511 esse,
1189 1453 1253 1500 non
1269 1434 1362 1502 video
1382 1436 1461 1520 quid
1475 1459 1588 1506 causae

460 1542 524 1619 sit,-
545 1562 602 1605 cnr
624 1536 797 1622 ἐκβάλλειν
819 1559 859 1604 ea
879 1537 1010 1604 licentia
1038 1537 1091 1602 hic
1119 1544 1304 1622 usurpatum
1331 1561 1397 1606 esse
1420 1561 1588 1624 sumamus,

460 1671 557 1734 quam
575 1668 650 1712 usus
671 1651 704 1712 et
720 1648 803 1713 ratio
820 1647 995 1730 reprobare
1009 1645 1163 1713 videatur.
1196 1647 1300 1725 Quare
1323 1648 1435 1732 reponi
1459 1649 1588 1717 mallem

462 1754 518 1820 καὶ
545 1749 689 1842 δάκρυον
717 1751 896 1819 ἐκκαλεῖ
924 1754 1017 1835 (conl.
1047 1752 1129 1818 Plut.
1158 1753 1269 1840 Pericl.
1303 1761 1318 1822 1
1349 1754 1406 1841 τὴν
1437 1752 1590 1824 διάνοιαν
1694 1799 1695 1844 γ

461 1856 598 1947 ἐπάγειν
624 1859 678 1924 δεῖ
702 1854 872 1942 θεάμασιν
902 1846 995 1945 δορί
1019 1853 1149 1945 χαίρειν
1172 1855 1258 1946 πρδς
1280 1855 1319 1922 τδ
1342 1853 1465 1926 οἰκεῖον
1485 1852 1587 1950 adadu
1694 1847 1695 1850 ί

462 1960 594 2050 άγαθδν
616 1961 804 2040 ἐκκαλεῖ)
825 1961 875 2029 vel
897 1954 1042 2050 δάκρυον
1063 1956 1293 2044 ἐκβάλλειν
1315 1965 1447 2028 ποιεῖ.

545 2068 689 2136 Verbum
709 2063 876 2144 ἐκκαλεῖν,
899 2066 989 2134 errius
1011 2066 1080 2133 loco
1106 2065 1255 2132 usitatius
1277 2070 1347 2134 erat
1367 2067 1507 2136 medium
1531 2065 1584 2136 ἐκ-

462 2173 658 2248 καλεῖσθαι,
681 2170 844 2237 commode
865 2191 917 2237 me
939 2169 1101 2250 admonet,
1122 2174 1159 2235 ut
1177 2172 1271 2251 opem
1292 2168 1394 2242 feram
1409 2170 1581 2240 Plutarcho

459 2281 523 2348 alio
549 2281 618 2347 loco
647 2279 763 2346 misere
790 2277 895 2345 adhuc
921 2277 1095 2360 depravato
1120 2275 1156 2340 iu
1185 2275 1302 2372 Erotio.
1324 2296 1354 2359 p.
1376 2281 1438 2344 ’165
1454 2298 1485 2356 ο,
1517 2277 1581 2357 ubi,

460 2388 640 2470 quicunque
661 2384 802 2450 sinentes
822 2381 941 2449 amoris
961 2381 1053 2467 ignes
1072 2380 1269 2465 restinguere
1291 2399 1463 2464 eorumque
1483 2379 1518 2446 in
1538 2381 1583 2446 vi-
1696 2375 1697 2390 ¹

461 2513 530 2558 cem
551 2494 648 2554 lumen
669 2493 764 2572 atque
788 2488 939 2571 fulgorem
969 2485 1159 2552 substituere
1187 2485 1298 2564 velint,
1328 2486 1470 2570 corporis
1491 2508 1586 2555 venu-

459 2599 587 2671 statem,
608 2592 697 2658 cuius
716 2590 869 2674 adspectu
887 2589 1021 2658 coeundi
1041 2590 1202 2673 adpetitus
1222 2589 1406 2678 suscitetur,¹
1421 2596 1586 2675 μνσιλινιτι

459 2700 624 2776 iubentur,
653 2701 690 2762 ut
717 2695 803 2762 omni
830 2716 912 2781 quae
934 2695 1019 2762 circa
1040 2695 1179 2777 corporis
1199 2692 1310 2760 liorem
1330 2698 1474 2760 versetur
1499 2694 1584 2762 volu·

459 2807 548 2887 ptate
570 2801 722 2885 seposita,
743 2799 844 2865 multo
863 2798 929 2865 iam
950 2795 1139 2864 diviniorem
1160 2794 1488 2880 praestantioremque
1511 2818 1583 2863 oon·

461 2910 622 2973 sectentur
649 2909 814 2969 οκίιοοινιοι
850 2923 993 2969 amorem
1020 2907 1117 2987 atque
1147 2898 1415 2977 coniunctionem,
1442 2907 1513 2984 qna‘
1535 2922 1583 2973 aa·
1698 2894 1699 2899 ’

457 3010 581 3096 pientia
600 3013 634 3075 et
652 3007 794 3091 reliquae
815 3006 949 3073 virtutes
969 3006 1144 3090 pariantur.
1179 3005 1267 3072 Haeo
1287 3026 1369 3088 quae
1388 3004 1582 3079 Platonicam

458 3130 587 3194 prorsus
613 3109 753 3190 resipere
779 3106 868 3172 vides
895 3106 1086 3186 doctrinam,
1118 3107 1165 3172 ita
1191 3127 1341 3189 expressa
1365 3113 1440 3173 sunt
1463 3103 1523 3175 οδκ
1545 3103 1585 3176 δν

387 3288 391 3295 ,
459 3206 479 3277 δ
501 3207 607 3286 πολδς
623 3206 751 3297 χρόνος,
775 3204 809 3273 ἐν
831 3194 915 3293 ᾦσό
938 3230 974 3272 σε
997 3208 1093 3289 σῶμα
1115 3204 1154 3271 τό
1175 3209 1240 3272 τῶν
1260 3204 1434 3295 ἐρωμένων
1457 3208 1583 3299 παρελ-

458 3309 581 3393 θόντες
602 3308 668 3381 ἔσω
691 3311 867 3399 φέρονται,
890 3310 948 3378 καί
970 3304 1137 3377 δίπτονται
1158 3313 1219 3377 τοῦ
1239 3303 1365 3399 ἤθους,
1386 3309 1584 3381 ἐκκαλού-

458 3440 589 3502 μενος
609 3415 683 3495 τάς
713 3406 857 3505 όψεις,
885 3416 1064 3504 καθορῶσι
1092 3413 1149 3481 καὶ
1170 3412 1380 3503 συγγίνονται
1402 3413 1458 3483 διά
1480 3416 1586 3505 λόγων

460 3520 571 3589 πολλὰ
594 3518 651 3588 καὶ
672 3515 826 3609 πράξεων
842 3512 1017 3606 άλλήλοις,
1042 3511 1082 3586 δν
1102 3514 1295 3607 περίκομμα
1318 3520 1379 3585 τοῦ
1400 3524 1506 3587 κακοῦ
1528 3522 1583 3603 καί

381 3696 386 3703 ,
458 3621 598 3693 εἴδωλον
619 3624 749 3702 ἐντοῖς
771 3617 939 3702 διανοίαις
960 3616 1086 3706 ἐγωοιν.
1118 3623 1238 3703 Quibus
1259 3627 1295 3689 ut
1315 3625 1494 3707 probasset
1514 3650 1582 3695 sen·

457 3733 560 3799 tentia
584 3737 618 3799 et
645 3733 770 3818 singula
795 3738 882 3801 recte
908 3733 1114 3813 cohaereant,
1142 3732 1413 3817 promptissimum
1439 3735 1500 3803 hoo
1526 3737 1580 3805 ad.

458 3837 635 3905 movebitur
662 3837 837 3905 remedium
865 3842 902 3903 nt
931 3838 1090 3905 scribatur
1118 3836 1176 3903 καί
1206 3832 1373 3903 ἅπτονται
1396 3840 1456 3905 τοῦ
1478 3831 1584 3927 ἤθους

457 3934 529 4002 καὶ
551 3931 835 4018 ἐξακούμενοι
857 3934 929 4014 τὰς
949 3928 1079 4026 όψεις
1101 3938 1275 4023 καθορῶσι
1296 3934 1353 4004 καὶ
1375 3938 1581 4026 συγγίνονται

457 4038 637 4124 διαλόγων
661 4036 772 4106 πολλά
788 4038 868 4120 κτλ,
893 4062 975 4124 quae
990 4040 1038 4107 ita
1049 4041 1181 4109 liberius
1196 4041 1402 4125 interpretari
1417 4041 1507 4111 licet:
1531 4044 1585 4133 qui

525 4245 552 4309 *l
582 4247 610 4299 ln
634 4248 687 4302 hoe
711 4255 862 4303 transcursu
888 4250 985 4306 notabo
1013 4247 1138 4323 δάκρυον
1162 4246 1273 4323 ἐξάγειν
1297 4238 1398 4307 diuisae
1424 4252 1491 4309 Plul.
1517 4253 1582 4311 Mor.

456 4344 482 4396 p.
500 4329 570 4394 691,
593 4327 702 4402 δάκρυα
721 4328 858 4405 προάγειν
875 4331 964 4401 Ευτίμ.
983 4334 1040 4403 lph.
1060 4336 1089 4389 Α.
1111 4338 1192 4403 1550,
1217 4338 1255 4397 είς
1271 4330 1380 4411 δάκρυα
1403 4334 1582 4409 προάγεσθαι

455 4415 551 4481 (pass)
570 4417 632 4472 Zeu.
651 4420 743 4472 Annal.
762 4418 806 4486 lv,
826 4422 841 4472 3
861 4436 886 4488 p.
906 4421 972 4487 314,
991 4424 1008 4473 4
1029 4422 1096 4477 conl.
1115 4440 1140 4491 p.
1154 4425 1213 4489 318,
1235 4426 1265 4478 12
1285 4424 1400 4492 (loseph.
1421 4429 1505 4494 duth.
1525 4428 1580 4484 lud.

454 4502 499 4570 ill,
514 4506 540 4569 5,
554 4506 569 4556 5
587 4509 671 4577 μέχρι
688 4511 736 4562 τοῦ
746 4504 879 4583 δακρύειν
896 4504 1103 4580 προήχθησαν),
1121 4506 1230 4584 δάκρυα
1248 4512 1377 4583 ἐκφέρειν
1391 4512 1503 4581 Procop.
1518 4514 1545 4569 h.
1559 4530 1581 4569 ι.

453 4608 480 4657 p.
499 4594 548 4655 51,
568 4594 593 4660 3,
612 4589 737 4670 δάκρυον
760 4594 906 4654 ὑποκινεῖν
924 4596 951 4653 S.
972 4597 1065 4669 Chrys.
1085 4601 1120 4652 de
1136 4599 1237 4670 Babylo
1253 4617 1280 4668 p.
1299 4602 1360 4667 245,
1381 4602 1406 4653 5.
1443 4600 1582 4669 singulare

455 4687 495 4734 cal
512 4678 543 4735 τδ
561 4678 687 4759 δάκρυον
704 4683 911 4759 καταλαμβάνει
929 4685 991 4747 τινά
1013 4690 1083 4758 opud
1101 4691 1204 4743 Annam
1222 4688 1314 4747 como.
1332 4689 1366 4759 V,
1384 4691 1443 4759 81).
1462 4692 1523 4759 262,
1543 4696 1567 4757 2.
