3700 5625
709 601 922 666 ..p-1...

247 761 296 826 At
326 763 411 828 enim
436 762 472 826 in
500 763 669 846 propatulo
701 767 749 827 est
780 784 882 846 neque
910 761 1075 828 Reiskium
1102 783 1204 846 neque
1234 763 1376 848 Wytten-

250 866 403 932 bachium
432 865 572 949 lepidam
593 865 757 930 Plutarchi
779 865 1038 947 conparationem
1063 869 1225 949 totamque
1245 866 1308 931 loci
1327 889 1378 933 re·
1445 853 1450 862 ¹

249 972 373 1037 tionem
393 972 472 1036 satis
492 975 694 1053 perspectam
715 970 877 1048 babuisse,
909 991 1045 1053 quorum
1070 970 1153 1036 alter
1176 971 1307 1036 mirifice
1329 993 1379 1037 res

248 1075 444 1158 perturbans
466 1069 657 1159 φιλοσοφία
678 1093 736 1154 per
758 1076 851 1138 ἶοαινα
871 1075 1088 1155 speculationis,
1115 1075 1190 1136 unde
1211 1077 1314 1136 scitum
1335 1095 1379 1136 eo

249 1181 410 1242 ῑαέονινινο
429 1179 600 1242 ementium
621 1178 723 1239 elicior
743 1174 971 1254 interpretatus
993 1177 1054 1252 est,
1075 1172 1170 1252 alter,
1192 1194 1263 1238 cum
1285 1194 1377 1256 quor-

248 1299 321 1342 sum
334 1277 496 1359 pertineat
518 1269 559 1341 ἂν
576 1268 632 1361 οἴη
649 1295 768 1356 parum
788 1273 923 1357 liqueat,
945 1273 1028 1340 hanc
1045 1275 1209 1358 proposuit
1221 1276 1377 1340 coniectu-

249 1407 335 1450 ram:
367 1379 536 1470 ἄθλητικῇ
557 1382 595 1447 δὲ
624 1377 862 1469 φιλοδοξίᾳ
891 1378 1023 1446 διὰτὸ
1047 1373 1199 1469 ίίιιαριτον
1224 1374 1379 1468 ἀνείθη

249 1489 282 1554 h.
309 1509 335 1552 e.
358 1489 410 1551 sed
426 1488 561 1550 athletico
578 1488 689 1568 ρὶαιαο
708 1487 806 1549 studio
830 1491 953 1569 propter
987 1489 1173 1551 sterilitatem
1193 1492 1380 1564 οααιοναατ,

252 1592 354 1677 quod,
375 1590 519 1675 quamvis
538 1589 579 1655 ad
601 1590 778 1656 sententiae
797 1595 943 1656 tenorem
964 1585 1194 1673 paulo'melius
1214 1591 1271 1669 sit,
1293 1592 1380 1656 nullo

253 1697 350 1764 modo
369 1702 479 1762 tamen
498 1694 665 1777 probabile
687 1693 853 1766 ridebitur,
883 1715 955 1759 eum
976 1695 1032 1778 qui
1054 1693 1239 1760 athleticum
1260 1693 1380 1779 gloriae

251 1802 394 1868 studium
407 1800 543 1883 conponi
558 1800 698 1883 potuerit
712 1821 784 1864 oum
795 1799 976 1883 palmarum
990 1799 1165 1878 sterilitate,
1182 1820 1275 1865 nemo
1288 1798 1382 1880 plane

251 1904 410 1986 dispicere
430 1901 537 1984 possit
582 1899 643 1978 Qui
659 1904 766 1964 tamen
785 1904 822 1964 ut
838 1899 1045 1982 persuaderet
1060 1898 1229 1967 Duebnero
1251 1897 1383 1964 fortasse

251 2011 424 2090 propterea
446 2004 646 2083 factumest,
667 2024 731 2068 non
752 2003 837 2087 quod
858 2003 889 2069 ei
910 2008 1071 2070 constaret
1091 2002 1130 2069 ds
1154 2002 1384 2096 emendationis

251 2112 404 2188 tentate,
442 2109 498 2175 sed
525 2108 611 2194 quod
634 2131 673 2175 ea
696 2115 826 2191 recepta
853 2109 941 2175 locus
969 2109 1091 2177 minore
1121 2109 1291 2177 offensione
1320 2110 1384 2195 legi

250 2222 368 2301 posset
412 2215 537 2280 Omissa
558 2215 675 2281 Fashsi
702 2216 925 2297 perversitate,
958 2216 1015 2301 qui
1038 2210 1203 2301 ἀθλητικὴ
1224 2216 1260 2280 δὲ
1283 2215 1383 2302 φιλο-

249 2316 349 2404 τιμία
372 2317 428 2384 καί
450 2316 489 2383 τὰ
516 2309 670 2407 ὄίκαρνιον
690 2312 731 2384 dv
753 2314 864 2405 αίνοίη
886 2319 1052 2398 effirtierit,
1081 2320 1186 2400 verius
1214 2320 1275 2386 hoc
1297 2325 1383 2402 puto,

251 2429 289 2488 111
310 2428 385 2505 post
406 2413 560 2510 ι’ίιιαρτιον
582 2421 704 2506 aliquid
733 2421 843 2488 deesse
872 2425 1039 2506 opinemur
1065 2430 1097 2491 et
1122 2431 1209 2492 totus
1229 2425 1317 2492 locus
1336 2426 1383 2492 ita

250 2527 465 2594 constituatur
489 2518 659 2612 οἷθλητιιιῇ
681 2525 718 2592 δὲ
746 2524 939 2616 φιλοσοφίᾳ
965 2525 1022 2593 καὶ
1044 2527 1081 2594 τὸ
1104 2520 1259 2616 ίίκαρττον
1282 2522 1381 2595 οἰνά-

252 2634 383 2720 λογον
411 2625 452 2698 ἂν
482 2627 551 2716 εἴη,
582 2631 617 2696 in
649 2631 765 2715 quibus
797 2626 855 2714 pro
878 2628 1042 2718 ἀνάλογον
1071 2634 1209 2701 libenter
1230 2635 1385 2716 accipiam

251 2736 343 2804 aliud
364 2734 508 2802 eiusdem
528 2736 697 2819 potestatis
717 2735 919 2815 vocabulum,
941 2735 1026 2820 quod
1046 2723 1175 2821 p'ropius
1197 2735 1328 2802 accedat
1342 2736 1384 2804 ad

252 2836 420 2930 ἄκαρπον,
451 2862 644 2924 quamquam
672 2846 708 2905 ut
736 2840 881 2922 perierit,
912 2861 950 2907 so
978 2840 1084 2923 potius
1113 2839 1253 2922 proclivi
1276 2861 1382 2905 errore

252 2943 403 3011 effectum
430 2942 634 3022 crediderim,
665 2941 750 3026 quod
779 2941 966 3007 vooabudum
995 2942 1086 3009 iuxta
1113 2942 1251 3025 positum
1273 2940 1384 3008 eodem

256 3046 436 3131 conpendio
452 3046 658 3126 terminatum
681 3049 757 3109 erat.
797 3042 864 3127 ¹Sed
883 3042 986 3125 maius
1002 3042 1100 3109 etiam
1121 3043 1267 3126 proxime
1287 3043 1384 3109 verba

252 3149 374 3235 legenti
395 3146 558 3232 negotium
581 3146 748 3212 facessunt.
803 3148 842 3211 In
871 3147 1000 3231 quibus,
1029 3148 1151 3213 omissis
1173 3148 1383 3231 interpretum

254 3253 402 3330 somniis,
432 3250 512 3316 mihi
543 3250 672 3334 quidem
693 3251 869 3317 rectissime
897 3252 1016 3319 habere
1046 3252 1173 3319 videtur.
1193 3254 1385 3335 optimorum

255 3360 400 3425 codicum
428 3356 582 3430 memoria
611 3353 790 3435 κάλλιστος
821 3354 882 3445 γὰρ
905 3350 951 3423 dv
974 3356 1031 3423 καὶ
1050 3358 1206 3444 μέγιστος
1235 3352 1291 3423 ὑπ’
1315 3352 1384 3423 εὐ-

254 3459 426 3543 ταξίας,
457 3456 497 3527 οὐ
520 3457 655 3548 γόνιμός
680 3459 749 3527 ἐστι
773 3455 853 3550 παρ’
878 3456 965 3548 ἡμῖν,
998 3460 1082 3547 quod
1104 3461 1234 3529 Reiskio
1255 3467 1383 3532 auctore

253 3568 448 3650 interpretor
475 3564 515 3629 de
537 3568 675 3629 modestia
702 3564 752 3629 vel
783 3569 955 3630 uenatu
983 3564 1051 3650 (cfr.
1076 3564 1141 3631 Cat.
1164 3566 1239 3636 min.
1265 3564 1384 3633 81111-

261 3665 473 3753 διινινύμτνος
503 3662 658 3746 εὐταξίαν
695 3665 751 3733 καί
793 3665 1000 3755 ἐγκράτειαν,
1036 3670 1151 3755 quibus
1183 3680 1386 3756 opponuntur

253 3772 406 3860 μαλακία
439 3775 494 3839 καὶ
531 3772 695 3862 τροφή*),
736 3794 800 3857 qua
832 3771 983 3853 efficitur,
1022 3778 1058 3839 ut
1086 3774 1242 3861 quidquid
1272 3778 1394 3865 virium,

255 4032 343 4094 ludos,
364 4035 392 4081 ui
408 4028 547 4081 libidinem
564 4028 710 4080 crudelium
729 4027 858 4079 luminum
878 4029 987 4094 sanguis
1007 4028 1128 4082 oblectet.
1159 4030 1271 4096 inpletur
1282 4030 1309 4081 in
1324 4044 1384 4080 suc·

254 4133 315 4169 cum
340 4117 408 4169 cibis
433 4116 586 4169 fortioribus
611 4131 724 4182 corpus,
748 4121 774 4167 et
798 4118 902 4167 αινίααι
926 4119 989 4168 toris
1011 4122 1165 4169 menbrorum
1184 4118 1258 4168 molis
1281 4121 1383 4169 robusta

251 4200 402 4266 ρίοροιιιὶι,
417 4206 447 4251 ut
462 4200 597 4265 saginatus
608 4200 634 4250 iu
647 4214 759 4265 poenam
772 4201 857 4251 carius
867 4205 970 4266 peresi,
990 4208 1015 4253 et
1026 4201 1101 4253 Philo
1113 4202 1165 4267 leg.
1179 4201 1255 4267 alleg.
1267 4200 1277 4251 1
1290 4216 1314 4269 p.
1324 4194 1385 4254 58ss

256 4290 294 4362 μὴ
314 4287 408 4364 μόνον
426 4287 515 4363 φάγῃ,
534 4287 604 4342 ἀλλὰ
623 4294 667 4343 καλ
684 4286 792 4365 βρώσει,
812 4296 933 4345 τουτέστι
952 4294 1101 4351 καταλέσας
1121 4294 1167 4343 καὶ
1185 4286 1330 4352 incisivos
1347 4290 1387 4363 μὴ

255 4371 366 4429 λδιοίτου
380 4372 438 4426 ἀλλ’
461 4374 583 4441 ἀθλητοῦ
600 4376 705 4447 τρόπον
723 4371 773 4441 τὴν
790 4372 907 4446 τροφὴν,
925 4374 1006 4444 ἰσχὺν
1020 4378 1066 4427 καὶ
1085 4372 1209 4445 δύναμιν
1220 4374 1387 4452 περιποιήσφ
1417 4405 1427 4423 =

257 4463 518 4517 1111001111111101.
537 4463 667 4515 densim.
687 4478 775 4529 gener.
797 4462 841 4528 Ν,
861 4466 877 4513 4
894 4480 920 4529 p.
940 4465 1008 4528 400,
1029 4465 1060 4514 10
1079 4466 1121 4518 ed.
1140 4464 1221 4519 Paris.

322 4552 350 4620 *)
370 4553 409 4605 ita
427 4555 517 4606 ioann.
532 4551 666 4623 Chrysosi.
686 4552 757 4615 hom.
773 4553 806 4604 de
817 4552 932 4619 losepho
946 4568 971 4617 p.
986 4553 1045 4617 120,
1062 4556 1077 4606 6
1093 4553 1128 4603 de
1142 4554 1289 4624 Potipharis
1308 4573 1388 4609 uxore

254 4636 330 4707 καλή
347 4638 403 4709 μὲν
414 4640 499 4704 inquit
510 4642 653 4708 Αἰγυπτία
667 4643 773 4707 κατεῖχε
791 4633 958 4706 τὰφύλλα
972 4639 1028 4704 τῆς
1044 4635 1130 4699 ἄναξ
1135 4644 1147 4691 ί
1151 4660 1194 4707 ας,
1214 4638 1228 4695 ὁ
1243 4642 1273 4693 di
1287 4638 1387 4709 Ἰωσὴφ

256 4722 316 4779 τὸν
333 4720 474 4792 καρπὸν
491 4726 538 4793 τῆς
553 4717 735 4791 δικαιοσύνης
751 4716 906 4793 ἐβάσταζεν.

1194 4814 1208 4866 i
