3700 5625
760 609 973 681 -6χ...

298 778 350 840 tus
371 779 420 840 est
440 779 477 840 ut
496 776 580 840 nihil
600 775 804 855 desiderem,
822 775 939 860 legitur
957 775 1029 842 libr.
1051 774 1138 854 xiv,
1157 781 1219 844 053
1232 805 1276 834 =
1293 780 1362 856 127,
1383 776 1423 844 2'8

297 874 447 942 ductrice
478 871 507 941 δ’
529 871 549 962 ἦ
573 872 685 953 Ῥόδος
708 871 872 964 πρότερον
903 870 1092 963 Ὀφιοῢσσοῑ
1113 876 1170 941 καὶ
1190 873 1328 957 Evodio,
1352 869 1423 942 εἶτα

302 977 450 1061 Τελχινὶς
477 973 547 1045 ἀπὸ
573 982 637 1046 τῶν
668 974 870 1066 οἰκησάντων
895 975 1057 1060 Τελχίνων
1083 978 1139 1065 τὴν
1168 983 1282 1065 νῆσον,
1306 971 1363 1057 οὓς
1393 977 1426 1045 οἱ

152 1130 163 1155 ,ι
294 1085 357 1167 μὲν
383 1084 571 1168 βασκάνους
603 1085 689 1173 φασί
717 1084 773 1150 καί
803 1084 925 1171 χόρτος
957 1080 1066 1171 θείῳ
1098 1085 1424 1173 καταρρέοντος

163 1204 164 1207 ’
299 1191 340 1257 τὸ
369 1193 428 1278 τῆς
456 1192 580 1279 Στυγὸς
617 1189 707 1280 ὕδωρ
736 1189 827 1278 ζῴων
853 1216 889 1258 τε
916 1192 974 1257 καί
1000 1192 1113 1279 φυτῶν
1142 1184 1288 1278 ὀλέθρου
1316 1189 1423 1282 χάριν.

297 1293 338 1358 Iu
358 1293 410 1359 his
432 1316 505 1360 cum
523 1301 634 1380 aperte
655 1297 803 1361 vitiosum
824 1297 868 1360 sit
889 1293 974 1380 θείῳ
996 1332 1039 1344 -
1059 1317 1134 1360 uam
1154 1295 1267 1360 inscite
1280 1296 1425 1362 redditur

151 1445 162 1468 ,,.
295 1397 338 1463 ab
361 1397 534 1480 interprete
555 1399 673 1479 ευβιινσ
699 1401 861 1462 adnotatam
892 1401 1037 1462 instillare
1057 1405 1152 1481 stypie
1172 1420 1283 1482 οσυουν,
1306 1437 1347 1447 —-
1368 1401 1424 1466 alii

159 1537 164 1574 z
294 1503 360 1568 alia
379 1504 553 1587 periclitati
573 1510 655 1572 sunt.
699 1504 761 1570 Sed
781 1526 895 1587 parum
912 1504 1019 1586 placet
1038 1505 1178 1570 Meineki
1201 1501 1345 1592 pddvp5
1369 1508 1422 1570 vix

295 1603 383 1670 enim
403 1606 599 1691 intellegitur
619 1607 697 1690 quid
711 1627 790 1689 opus
811 1606 908 1670 firerit
928 1610 965 1670 ut
981 1604 1146 1671 Telchines
1167 1606 1422 1672 fasoiuandarum

295 1711 470 1776 herbarum
489 1714 586 1795 periti
605 1711 733 1797 Stygiae
747 1733 849 1795 aquae
872 1710 1063 1795 adspergine
1077 1711 1306 1778 Rhodiensium
1317 1718 1423 1780 terrae

295 1811 479 1877 vastitatem
493 1835 569 1896 prae
587 1815 699 1876 ι’ποιβίο
719 1813 864 1878 intulisse
884 1810 1083 1893 dicerentur3
1105 1812 1237 1896 perinde
1263 1814 1348 1880 enim
1366 1821 1422 1894 est,

151 1940 161 2000 χ
294 1916 404 1976 utrum
431 1933 525 1996 quem
557 1913 645 1978 dicas
674 1909 896 1998 βασκαντικὴν
925 1907 1010 1994 ἔχειν
1039 1909 1107 1990 ἕξιν
1132 1933 1174 1978 au
1202 1913 1421 2001 φθονητικὴν,
1489 1987 1495 1998 ,

294 2039 399 2100 neque
420 2019 505 2102 quod
526 2019 646 2084 alienos
672 2019 743 2102 quis
764 2038 857 2102 agros
878 2039 1007 2083 vexasse
1037 2018 1225 2100 perhibetur
1253 2018 1420 2098 veneficiis,

293 2121 332 2186 id
352 2144 426 2188 eum
446 2122 510 2188 alia
531 2121 570 2188 de
590 2144 688 2190 eausa
700 2122 811 2188 fecisse
833 2121 985 2188 credibile
1007 2126 1062 2200 est
1084 2143 1180 2206 quam
1194 2122 1278 2206 quod
1297 2123 1420 2190 alienae

294 2224 460 2291 feheitatis
480 2227 523 2290 sit
541 2226 674 2292 invidus.
725 2227 830 2310 Atque
859 2226 936 2293 hino
963 2226 1092 2310 quidem
1120 2226 1322 2293 Telehinibus
1349 2249 1420 2311 per·

294 2329 428 2406 potuum
445 2325 513 2392 fere
533 2329 599 2392 τῶν
622 2330 801 2416 φθονερῶν
828 2327 976 2394 adhaesit
1004 2349 1126 2393 nomen.
1177 2328 1367 2395 Prudentius
1388 2332 1423 2396 ni

295 2431 392 2498 fallor
410 2455 479 2499 rem
500 2434 566 2518 egit
586 2435 641 2518 qui
661 2435 783 2515 primus
812 2433 963 2499 adcurate
985 2433 1024 2498 de
1046 2433 1249 2499 Telehinibus
1275 2435 1423 2502 disseruit

294 2537 474 2604 Lobeckius
495 2538 755 2623 inhglaophamo
774 2558 805 2620 p.
826 2544 907 2605 1190
920 2560 997 2621 sqq„
1019 2543 1141 2604 tautam
1162 2540 1351 2607 eruditionis
1370 2565 1421 2610 co·

294 2641 385 2722 piam
404 2660 596 2722 expromens,
608 2646 645 2705 ut
665 2641 750 2725 quod
764 2640 902 2706 addatur
922 2640 1005 2706 nihil
1019 2640 1085 2706 fere
1100 2642 1272 2726 reliquerit
1317 2644 1349 2710 Is
1364 2667 1422 2727 pro

294 2749 386 2839 θείῳ
415 2753 579 2819 substituit
606 2748 725 2839 λρίιον,
755 2752 845 2817 cuius
869 2758 978 2818 tamen
1007 2750 1076 2818 loco
1105 2750 1292 2819 Strabonem
1318 2757 1424 2837 potius

295 2851 407 2945 ἀγρῶν
436 2858 485 2923 vel
515 2860 652 2946 καρπῶν
681 2857 839 2921 dictinum
871 2856 968 2921 fuisse
996 2861 1082 2922 recte
1115 2856 1295 2924 observasse
1328 2860 1422 2926 credo

295 2963 501 3029 Meinekium.
555 2962 638 3027 Nam
663 2984 778 3044 parum
810 2967 885 3045 apte
913 2962 1027 3043 opinor
1059 2962 1093 3026 in
1121 2966 1212 3028 tanta
1238 2964 1424 3032 animalium

292 3064 540 3148 plantarumque
560 3064 701 3146 pernicie
723 3063 844 3147 solique
866 3063 1015 3127 vastitate
1035 3064 1117 3130 solas
1140 3070 1263 3150 segetes
1293 3089 1330 3132 ae
1351 3090 1419 3151 spe-

294 3170 408 3234 ciatim
436 3168 564 3251 quidem
593 3167 698 3253 Stygis
724 3190 879 3252 aquarum
912 3168 1101 3252 adspergine
1129 3171 1353 3253 perpopulatos
1375 3175 1421 3239 di-

297 3276 408 3335 cturus
428 3270 546 3336 suisset.
589 3270 714 3348 Quanto
734 3270 852 3335 rectius
872 3268 1004 3334 Ncnuus
1023 3271 1057 3334 in
1079 3270 1218 3338 eiusdem
1240 3273 1425 3342 Telehinum

294 3375 448 3441 facinoris
469 3374 765 3439 commemoratione
786 3373 914 3457 Dionys.
928 3371 1013 3451 XIV,
1023 3378 1063 3441 36
1079 3394 1155 3458 sqq.,
1175 3374 1239 3439 iam
1260 3375 1424 3461 adlegatus

293 3482 337 3547 ab
361 3478 471 3545 eodem
492 3478 651 3546 Lobeehio

339 3592 396 3660 καί
419 3591 586 3682 φθονεροὶ
612 3592 762 3673 Τελχῖνες
781 3608 824 3638 -’
839 3628 883 3639 -
903 3630 947 3639 -
1069 3604 1073 3613 ’
1096 3680 1100 3686 ἡ

336 3697 432 3785 χερσί
453 3691 689 3786 βαρυζήλοισιν
711 3688 890 3782 ἀρυόμενοι
911 3692 1034 3779 Στυγὸς
1055 3690 1144 3782 ὕδωρ

342 3792 974 3889 ὂίσπορονεῦκοίρποιοῬόδου
1005 3795 1193 3883 ποίησαν
1225 3794 1382 3890 ἀλωήν,

339 3903 442 3973 ὕδασι
465 3904 687 3995 Ταρταρίοιστ
709 3902 980 3994 περιρραίνοντες
1003 3900 1159 3993 ἀρούρας.

297 4048 396 4113 Cuius
427 4047 491 4113 loci
518 4047 698 4113 meminisse
721 4047 817 4112 velim
840 4046 976 4112 lectores
1006 4047 1061 4112 ubi
1089 4047 1128 4113 de
1149 4050 1316 4130 postremis
1338 4050 1424 4117 Stra=

294 4153 393 4219 bonis
410 4152 515 4217 verbis
535 4151 627 4217 nobis
649 4172 752 4216 sermo
769 4150 840 4216 erit.
863 4148 1079 4233 Similiterque
1101 4150 1202 4217 simile
1216 4151 1427 4220 Eumenidum

291 4257 421 4324 facinus
443 4257 558 4323 cecinit
569 4255 743 4340 Aeschylus
763 4255 798 4317 in
818 4253 909 4319 Eum.
932 4276 960 4321 v.
973 4257 1034 4319 786
1044 4274 1097 4336 sq„
1114 4254 1170 4319 ubi
1182 4253 1295 4319 chorus
1310 4255 1427 4323 dieitur

805 4366 908 4433 πέδον
930 4365 1128 4448 ἐπισύμενος

509 4472 771 4565 βροτοφθόρους
794 4472 932 4559 κηλῖδας
953 4469 987 4536 ἐν
1004 4466 1096 4559 χῶρρ
1115 4468 1231 4553 βαλεῖν

291 4603 380 4671 conl.
402 4624 429 4667 v.
451 4605 515 4669 802
537 4624 582 4686 sq.
605 4606 638 4667 et
660 4600 846 4684 expheatius
868 4598 965 4663 etiam
986 4619 1012 4659 v.
1037 4600 1096 4663 811
1123 4596 1199 4682 (800
1221 4598 1342 4686 Herm.)
1372 4602 1428 4669 ubi

288 4705 437 4792 querelis
456 4703 668 4771 Eumenidum
688 4702 809 4769 inserta
829 4704 902 4767 sunt
922 4697 1021 4767 verba
1041 4696 1120 4769 haee

1224 4818 1263 4875 ὅ*
