3700 5625
900 573 1116 644 ..52-

532 738 594 820 Qui
615 738 694 808 falso
708 745 820 808 nostm
833 745 939 808 aetate
958 763 991 808 se
1007 742 1128 810 iactant
1142 741 1259 810 medici
1277 736 1578 826 ὁμοιοπαθοῦντας

448 849 498 914 vel
520 845 801 932 ὁμοπολοῦντος,
833 870 906 914 cum
932 848 1009 932 quid
1030 849 1107 917 mali
1135 850 1342 932 experiantur
1362 850 1499 935 aegroti,
1523 871 1573 918 ra·

447 953 572 1020 rissime
594 954 816 1037 perpetiantur
836 953 905 1036 ipsi,
928 975 948 1019 a
969 953 1139 1020 Plutarcho
1165 961 1295 1038 praeter
1316 954 1396 1021 alias
1421 955 1575 1040 quasdam

445 1079 498 1124 res
518 1058 605 1124 haud
623 1058 762 1137 inutiles,
776 1078 840 1123 non
854 1057 923 1122 sine
942 1057 1103 1140 voluptate
1125 1057 1264 1142 quadam
1277 1057 1400 1126 discere
1416 1064 1574 1142 poterunt,

445 1185 542 1247 quam
554 1163 629 1228 altis
647 1161 804 1227 dulcicula
817 1162 959 1244 ipsorum
973 1161 1118 1228 doctrina
1138 1161 1174 1228 in
1192 1183 1272 1230 cana
1292 1165 1448 1229 vetustate
1470 1161 1575 1228 defixa

445 1268 489 1332 sit
514 1266 689 1345 radicibus,
718 1285 876 1349 quamque
904 1264 1068 1347 praeclare
1096 1265 1260 1346 sapuerint
1288 1270 1412 1331 veteres
1437 1264 1474 1330 in
1494 1263 1571 1330 defi·
1608 1263 1610 1268 ’

445 1370 563 1436 niendo
576 1373 672 1453 prout
684 1368 756 1452 plus
768 1369 910 1436 minusue
924 1371 1066 1432 sumaim
1080 1365 1300 1433 medicaminis
1315 1365 1438 1432 effectu.
1454 1365 1574 1432 Verum

443 1638 541 1711 κηλῖιλά
558 1660 636 1697 τινα
654 1643 881 1712 προστρίψωνται
895 1641 952 1695 κτλ.
969 1645 993 1692 et
1008 1655 1033 1705 p.
1046 1639 1106 1706 344,
1125 1641 1159 1694 48
1178 1643 1206 1694 εἴ
1218 1657 1315 1702 τινας
1333 1641 1446 1709 κηλῖδας
1461 1639 1572 1714 ἔχομεν.

443 1728 541 1780 Postea
563 1727 642 1778 huius
664 1725 788 1779 vocabuli
807 1740 874 1776 usus
900 1740 982 1776 sensu
1000 1723 1111 1790 figurato
1132 1724 1276 1791 paullulum
1297 1727 1409 1792 remisit,
1428 1729 1476 1780 scd
1498 1742 1572 1780 ase·

442 1816 554 1868 rioribus
572 1819 721 1879 resumptus
738 1818 786 1864 cst.

510 1905 574 1969 Peg.
593 1904 634 1956 31.
670 1901 767 1953 Parum
785 1901 951 1952 considerate
969 1901 1086 1965 sumpsi,
1107 1899 1163 1951 fieri
1181 1900 1301 1966 potuisse
1320 1906 1347 1953 ut
1365 1901 1489 1952 exciderit
1506 1915 1570 1954 eon·

440 1989 568 2061 pendium
588 1991 716 2043 tonnulae
742 1991 801 2042 καλ
826 1988 865 2042 τά
888 1985 994 2042 λοιαά
1019 1989 1063 2040 vel
1086 1991 1145 2043 καλ
1169 1987 1206 2042 τά
1225 1989 1343 2064 ἕτερα,
1368 1992 1500 2056 siquidem
1519 1990 1569 2044 hac

441 2082 548 2134 dicendi
565 2082 650 2132 forma
667 2093 797 2144 nusquam
819 2094 885 2130 usus
904 2094 966 2130 esse
983 2079 1086 2130 videtur
1103 2077 1267 2132 Plutarchus.
1294 2078 1384 2145 ltaque
1402 2086 1446 2132 aut
1466 2081 1568 2135 scribae

440 2170 531 2223 locum
556 2170 806 2237 conpendiieeeruut
828 2174 873 2219 sut
891 2169 987 2219 excidit
1012 2167 1064 2220 hoe
1089 2169 1177 2234 ipsum
1201 2171 1247 2221 καλ
1270 2165 1302 2222 τά
1326 2169 1400 2237 tior,
1427 2170 1567 2224 Plutarcho

442 2265 512 2310 certe
533 2256 666 2323 (Straboni
690 2255 835 2321 nunquam)
860 2258 925 2308 satis
947 2256 1085 2322 usitatum,
1117 2264 1143 2310 ut
1166 2257 1251 2322 magis
1274 2262 1362 2310 tamen
1386 2257 1510 2310 inclinem
1536 2259 1568 2310 ad

440 2348 602 2400 credendum
613 2346 758 2398 versiculos
777 2347 811 2396 ad
828 2345 988 2397 intellectum
1006 2344 1057 2398 loci
1077 2348 1242 2400 necessarios
1260 2349 1346 2400 furtim
1361 2350 1477 2402 omissos
1494 2365 1566 2414 esse,

440 2455 500 2492 eum
518 2440 680 2492 luculentum
704 2440 730 2488 irr
753 2443 875 2504 promptu
893 2439 928 2488 sit
945 2437 1039 2490 similis
1060 2438 1266 2504 interpolationis
1290 2439 1478 2492 documentum
1497 2442 1566 2506 apud

439 2526 595 2581 Strabonem
615 2525 664 2578 XV-
675 2541 701 2591 p.
720 2527 781 2589 687,
810 2526 856 2577 ubi
874 2539 942 2589 quae
960 2531 1020 2590 post
1039 2524 1180 2591 Sophoclis
1201 2541 1294 2578 versus
1319 2528 1405 2579 statim
1423 2533 1568 2592 sequuntur

439 2621 480 2666 sat
498 2613 602 2665 inflecte
617 2612 711 2665 verba:
732 2613 779 2663 καὶ
796 2607 829 2663 τά
851 2609 924 2674 tirio·
944 2613 988 2662 καὶ
1008 2607 1193 2681 μηροτραρής
1208 2611 1239 2664 dt
1258 2612 1374 2681 λέγεται,
1393 2618 1484 2678 utpote
1501 2614 1564 2664 insi·

438 2701 499 2751 ticia
517 2700 663 2752 rectissime
680 2696 787 2750 excluse
805 2703 866 2749 sunt
885 2698 918 2750 ab
940 2698 1129 2763 interpretibus.

505 2782 568 2849 Peg.
588 2782 620 2833 32
642 2782 725 2835 adde:
745 2782 876 2854 ἀτρεμεῖν
893 2787 920 2833 et
937 2778 1051 2853 ἠρεμεῖν
1067 2783 1200 2834 coniunxit
1217 2781 1271 2835 Leo
1289 2782 1398 2838 Diacon.
1417 2797 1442 2850 p.
1459 2784 1500 2851 13,
1521 2786 1563 2853 14,

435 2866 580 2941 ἡσυχάζειν
598 2878 624 2924 et
640 2870 755 2945 ἠρεμεῖν
767 2870 795 2924 S.
809 2869 944 2939 Chrysost.
963 2886 988 2937 p.
1002 2871 1069 2936 436,
1087 2872 1134 2935 20;
1153 2878 1268 2925 ceterum
1285 2872 1358 2926 serbi
1376 2871 1491 2944 ἠρεμεῖν
1509 2888 1563 2926 cre-

435 2956 565 3008 berrimus
583 2963 623 3008 est
640 2957 711 3022 apud
730 2958 868 3021 sequiores
886 2972 960 3010 usus.

504 3042 580 3104 Quod
604 3044 699 3094 cadem
721 3044 817 3110 pagina
836 3044 871 3094 de
891 3043 952 3095 loco
977 3043 1047 3097 Alex.
1074 3059 1097 3097 c.
1117 3045 1150 3097 58
1174 3045 1254 3097 etde
1277 3045 1349 3099 Alex.
1374 3046 1433 3100 virt.
1458 3065 1479 3101 s.
1504 3049 1561 3103 lert.

433 3149 458 3199 p.
477 3134 528 3183 345
539 3148 568 3197 a,
595 3133 641 3186 ubi
661 3148 708 3198 pro
732 3134 820 3199 inepto
845 3130 909 3193 τοὺς
934 3129 1072 3204 ἀτρώτους
1095 3128 1245 3206 θαρρύνων
1263 3136 1401 3187 emendavi
1419 3134 1483 3197 τοὺς
1505 3141 1560 3191 λα-

433 3214 535 3288 τροάς
552 3213 711 3289 θαρρύνων,
731 3217 859 3281 dissemi,
877 3218 1014 3284 aptissime
1033 3220 1167 3286 conparari
1184 3226 1271 3286 potest
1285 3235 1345 3272 cum
1362 3220 1423 3274 loeo
1442 3223 1559 3290 inprimis

432 3304 541 3358 notabili
552 3305 690 3371 Procopii,
708 3304 863 3357 Plutareheo
876 3305 953 3372 plane
966 3305 1054 3358 colore
1064 3312 1207 3373 temperato
1224 3309 1250 3362 d.
1258 3310 1283 3364 b.
1291 3324 1317 3374 g.
1325 3308 1357 3375 11,
1371 3310 1424 3376 2p.
1438 3312 1497 3377 152,
1512 3314 1559 3365 20:

431 3392 493 3447 ἐπεὶ
515 3393 547 3447 δέ
572 3390 693 3454 ἅπαντες
715 3393 745 3447 ἐν
768 3394 802 3465 τι]
824 3389 906 3447 πόλει
926 3392 1068 3462 ἐγένοντο,
1094 3397 1148 3448 τῶν
1168 3391 1335 3468 τραυμάτων
1361 3396 1557 3468 ἐπεμελοῦντο.

425 3476 521 3553 ”Apion
543 3482 600 3552 μὲν
618 3472 716 3537 οὖντὸ
741 3484 820 3549 βέλος
842 3479 899 3535 ἀπὸ
923 3484 973 3536 τοῦ
991 3477 1144 3554 προσώπου
1168 3482 1323 3555 ἀφελέσθαι
1341 3480 1507 3555 βουλόμενοι
1530 3489 1556 3542 ολ

431 3574 520 3643 turpet
536 3567 644 3644 χρόνον
661 3570 721 3626 τινὰ
739 3566 885 3642 ἤσχαλλον,
906 3570 958 3642 οὐχ
976 3570 1017 3627 ὅτι
1037 3576 1087 3627 τοῦ
1107 3572 1262 3645 ὀφθαλμοῦ
1279 3573 1381 3643 ἕνεκεν,
1400 3571 1433 3630 ὃν
1452 3575 1487 3645 ἀή
1506 3577 1556 3633 οὐκ

430 3655 467 3713 ἀν
483 3679 552 3714 ποτε
570 3657 750 3727 σωθήσεσθαι
768 3658 952 3729 ὑπετόιιαζον,
977 3661 1035 3715 ἀλλ’
1055 3658 1129 3725 ὅπως
1146 3661 1185 3733 μή
1208 3660 1320 3734 ὑμένων
1338 3684 1365 3720 τε
1384 3669 1431 3719 καὶ
1448 3664 1552 3735 νεύρων

429 3743 571 3819 τρήσεσιν,
597 3742 642 3800 οἷα
666 3744 756 3801 πολλὰ
780 3749 915 3816 ἐνταῦθα,
945 3742 1035 3820 ἀνδρα
1064 3752 1108 3816 τῆς
1131 3752 1298 3821 Βελισαρίου
1326 3752 1413 3812 ολκίας
1441 3746 1555 3825 ἀριστον

428 3833 646 3904 διαφθείρωσιν·
670 3833 764 3886 ἔπειτα
786 3834 817 3886 ἀὲ
841 3836 897 3888 τῶν
918 3854 959 3895 τις
981 3836 1095 3901 tarpeia,
1124 3830 1284 3895 Θεόκτιστος
1307 3828 1412 3907 ὄνομα,
1437 3831 1555 3893 ὄπισθεν

427 3918 455 3978 ές
472 3915 521 3972 τὸν
538 3917 641 3988 αὐχένα
659 3919 765 3989 ἐρείσας
782 3917 954 3976 ἐπυνθάνετο
973 3924 1024 3975 τοῦ
1039 3917 1193 3995 ἀνθρώπου
1211 3925 1236 3976 εί
1251 3925 1315 3977 λίαν
1332 3922 1438 3993 ἀλγοίη.
1457 3930 1507 3979 τοῦ
1523 3928 1553 3981 dl

427 4006 524 4076 ἀλγεῖν
541 4002 694 4078 φήσαντος,
713 4005 816 4061 οὐκοῦν
834 4003 915 4067 αὐτός
932 4027 960 4062 τε
978 4004 1108 4083 σωθήσρ,
1132 4002 1206 4077 εἶπε,
1228 4010 1276 4063 καὶ
1293 4006 1344 4078 τήν
1363 4004 1432 4079 ὄψιν
1449 4010 1500 4065 oria
1518 4008 1554 4069 ἀν

425 4091 557 4169 βλαβήσρ·
580 4098 664 4149 ταῦτα
679 4095 711 4149 δὲ
729 4097 887 4166 λσχυρίσατο
907 4092 1137 4168 τεκμαιρόμενος,
1158 4094 1199 4151 ὅτι
1217 4100 1265 4152 τοῦ
1281 4101 1377 4166 βέλους
1393 4095 1409 4165 ἡ
1428 4098 1489 4163 ἀκλς
1506 4104 1555 4156 τοῦ

425 4186 564 4257 δέρματος
588 4183 621 4239 orl
646 4180 743 4259 πόρρω
766 4179 868 4251 διήκει·
894 4184 1016 4254 τοῦμὲν
1033 4175 1084 4239 οὖν
1107 4182 1243 4256 ἀτράκτου
1263 4182 1330 4241 ὅσον
1351 4187 1402 4249 ἔξω
1423 4189 1552 4261 ίρ-αίνετο

425 4273 547 4346 έκτεμών
566 4276 678 4349 ἔρριψε,
704 4270 805 4328 διελών
828 4273 859 4327 δὲ
885 4276 941 4327 των
965 4276 1034 4328 tanis
1059 4270 1090 4328 τὸ
1116 4276 1212 4346 σῶμα,
1240 4262 1274 4329 od
1295 4271 1416 4346 μάλιστα
1442 4275 1457 4330 ὁ
1481 4275 1551 4349 ἀνήρ

424 4359 603 4422 πολυολάυνος
620 4354 665 4430 ἠν,
690 4364 820 4418 ἐντεῦθεν
842 4356 922 4429 πόνῳ
947 4360 1041 4416 οὐάενλ
1064 4357 1116 4430 τήν
1138 4361 1222 4415 ἀκίιλα
1246 4363 1405 4434 spartanas,
1429 4372 1503 4438 τρισί
1525 4386 1551 4421 τε

424 4442 607 4520 προῦχουσαν
624 4450 735 4503 λεπίσιν
753 4446 852 4509 ὀξείαις
877 4449 924 4499 καὶ
944 4451 1050 4519 μοῖραν
1067 4450 1116 4500 τοῦ
1132 4450 1229 4515 βέλους
1249 4445 1299 4515 τήν
1315 4451 1484 4521 λειπομένην
1503 4451 1552 4514 ξὺν

422 4532 492 4607 αὐτῇ
509 4536 660 4604 φέρουσαν.
680 4530 752 4587 οὕτω
770 4552 798 4586 τε
815 4526 908 4603 ”Aptae
928 4535 1022 4585 κακῶν
1040 4528 1220 4587 παντάπασιν
1231 4532 1351 4603 ἀπαθής
1364 4535 1485 4607 ἀιέμεινε
1504 4542 1550 4592 καλ

422 4618 487 4675 οὐδὲ
510 4624 587 4691 ἴχνος
603 4617 690 4675 αὐτον·
706 4622 754 4689 τῆς
777 4622 885 4693 πληγῆς
912 4623 951 4681 είς
973 4617 1003 4675 τὰ
1027 4616 1181 4696 πρόσωπον
1198 4620 1362 4679 ἀπελείπετο
1386 4625 1455 4683 conl.
1475 4625 1512 4695 ll,
1535 4628 1550 4681 t

420 4723 447 4779 p.
468 4709 562 4777 toto
584 4722 641 4777 sqq.
1154 4705 1158 4711 ’
