3700 5625
882 593 1098 658 ..94-

429 779 496 827 non
516 757 596 825 adeo
615 778 690 824 rara
710 755 862 842 sparsisse
880 755 1043 837 videntum,
1073 758 1110 822 ut
1131 775 1195 822 non
1214 774 1285 824 sues
1306 754 1483 842 quamlibet
1501 773 1558 822 νο-

430 884 530 945 races,
551 884 612 930 nec
633 861 754 930 seilicet
773 861 878 926 minus
900 881 971 926 sues
992 881 1089 944 quam
1109 861 1299 926 nostratim
1319 859 1464 944 porcelli,
1484 859 1560 942 plus

426 973 504 1040 satis
527 992 699 1057 granorum
726 969 867 1055 vestigiis
897 969 1136 1052 depressissent.
1192 969 1239 1035 Ac
1259 970 1391 1056 pinguia
1420 989 1498 1035 arva
1518 990 1561 1034 ex

427 1095 492 1141 uno
513 1074 633 1140 semine
653 1072 800 1139 fruticem
820 1091 914 1154 saepe
932 1092 1135 1136 numerosum
1155 1069 1288 1138 fundere
1307 1071 1501 1156 densamque
1517 1092 1561 1136 ex

426 1195 500 1242 raro
516 1174 636 1241 semine
650 1178 790 1258 segetem
803 1172 958 1250 emittere,
979 1171 1007 1235 ei
1022 1192 1087 1237 non
1099 1191 1172 1236 usus
1187 1169 1322 1252 doceret,
1336 1170 1455 1238 diserto
1468 1169 1559 1236 haud

427 1281 522 1349 dubie
536 1279 620 1346 Plini
640 1278 822 1345 testimonio
842 1277 965 1344 discere
986 1297 1148 1360 possemus
1164 1276 1230 1357 (cfr.
1246 1277 1325 1342 Plin.
1342 1276 1374 1342 h.
1391 1299 1421 1340 n.
1433 1273 1558 1353 XVIII,

427 1392 482 1463 24,
501 1389 581 1468 199).
618 1383 730 1469 Itaque
747 1383 826 1448 haec
840 1381 969 1466 quidem
984 1401 1076 1446 suum
1091 1383 1347 1450 commemoratio
1366 1402 1430 1446 non
1444 1381 1555 1447 admo-

428 1488 505 1554 dum
522 1508 670 1572 magnam
691 1484 912 1552 difficultatem
933 1485 1038 1552 habet.
1087 1485 1149 1552 Sed
1172 1506 1234 1571 quo
1259 1484 1436 1569 expeditior
1452 1485 1488 1550 in
1504 1484 1558 1550 his

427 1593 508 1659 mihi
526 1591 653 1658 videtin
672 1611 782 1674 opera,
802 1612 840 1656 eo
859 1589 961 1674 magis
983 1588 1180 1674 exagitamur
1192 1590 1344 1656 intricata
1361 1589 1557 1673 quaestione,

426 1695 483 1779 qui
503 1694 623 1761 factum
642 1692 698 1773 sit,
731 1713 803 1758 cum
824 1691 864 1758 ab
884 1689 1046 1757 Herodoto
1068 1695 1100 1756 at
1129 1689 1310 1775 pedisequis
1337 1691 1404 1755 eius
1427 1693 1559 1772 praeter

429 1795 603 1862 Diodorum
618 1793 660 1862 ad
681 1814 779 1859 unum
792 1791 951 1872 omnihus,
968 1791 1117 1876 Aegyptii
1135 1790 1253 1857 diserte
1274 1791 1423 1856 dieantur
1441 1812 1509 1854 soca
1524 1793 1559 1853 ia

427 1926 511 1987 opaca
529 1906 628 1968 tritico
647 1905 767 1965 maritos
787 1903 893 1983 misac,
915 1902 952 1963 ut
973 1897 1007 1962 id
1030 1897 1114 1983 quod
1136 1895 1177 1962 ad
1198 1917 1267 1963 rem
1288 1897 1424 1970 maxime
1446 1917 1555 1962 neces-

427 2009 546 2072 sarium
568 2004 712 2071 essetab
734 2024 797 2068 uno
817 2001 1002 2081 Plutarcho,
1033 2002 1068 2066 in
1097 2001 1210 2068 ceteris
1230 2005 1287 2068 aut
1314 2001 1397 2066 nihil
1417 2007 1475 2066 aut
1494 2021 1552 2084 pu-

426 2113 533 2179 sillum
554 2111 595 2177 ab
617 2115 746 2177 auctore
775 2109 971 2187 discedente,
1004 2129 1076 2174 cum
1103 2108 1221 2192 insigni
1250 2108 1425 2174 sententiae
1454 2108 1552 2175 detri-

426 2223 533 2286 mento
562 2217 787 2282 omitteretur?
829 2212 934 2297 Atque
966 2210 1144 2278 indicatum
1172 2211 1268 2278 fuisso
1295 2211 1372 2278 olim
1400 2210 1558 2278 eiusmodi

424 2324 515 2410 quid,
543 2321 650 2389 nescio
678 2343 721 2388 an
747 2319 965 2387 testimonium
992 2317 1168 2401 praebeant
1195 2316 1293 2383 verba
1322 2317 1439 2401 quibus
1473 2317 1554 2383 hacc

426 2428 651 2494 continuantur
683 2423 739 2490 καὶ
767 2422 826 2489 τὸν
855 2418 984 2512 σπόρον
1006 2412 1218 2512 άπέκρυψαν.
1270 2419 1327 2486 Oui
1355 2419 1557 2487 incommodo

425 2553 489 2619 quo
518 2531 653 2597 satisfiat
684 2528 833 2613 equidem
859 2548 925 2593 non
953 2526 1047 2594 rideo
1079 2525 1158 2611 quid
1186 2548 1206 2592 a
1236 2526 1407 2593 Plutarcho
1440 2528 1559 2610 aptius,

426 2642 533 2704 cetera
554 2633 661 2700 omnia
681 2631 801 2698 eisdem
820 2652 923 2715 paene
949 2653 1021 2696 cum
1041 2629 1203 2698 Herodoto
1231 2631 1337 2697 verbis
1355 2630 1561 2712 redhibente,

426 2741 552 2811 exarari
577 2738 718 2826 potuerit
745 2757 838 2824 quam
869 2729 942 2802 ἀλλ’
963 2731 1043 2801 ὅταν
1073 2729 1091 2801 ὃ
1120 2733 1243 2815 Νεῖλος
1266 2729 1420 2826 ἀπορρέῃ
1449 2759 1559 2801 κατα-

426 2849 550 2938 βρέξας
576 2846 635 2926 τάς
667 2840 814 2937 άροάρας
843 2841 1154 2918 ἐπακολουθοῦντες
1185 2839 1257 2906 καί
1291 2835 1560 2928 σπείροντες

426 2952 486 3031 τὰς
507 2942 546 3031 ὗς
558 2949 772 3035 κατέβαλλον,
797 2968 877 3032 quae
891 2944 969 3030 quid
985 2942 1164 3029 significent
1183 2947 1311 3009 nonest
1330 2940 1414 3027 quod
1430 2940 1561 3009 dicatur

428 3056 582 3140 pluribus.
624 3054 693 3121 Hoc
713 3074 812 3119 unum
834 3051 958 3130 addam,
979 3071 1020 3117 no
1047 3051 1119 3134 quis
1147 3071 1219 3116 oum
1240 3049 1369 3117 Reislrio
1391 3056 1560 3133 exspectet

379 3158 384 3165 '
427 3152 637 3239 εἰσέβαλλον,
668 3153 703 3218 in
730 3153 917 3218 memoriam
943 3150 1155 3217 revocandum
1175 3151 1380 3218 Plutarchum
1400 3152 1490 3236 loqui
1514 3151 1560 3219 de

425 3261 504 3327 locis
525 3257 696 3342 depressis,
717 3258 773 3325 ubi
792 3256 884 3322 Nilus
901 3278 1063 3341 regressus
1083 3256 1251 3337 resederit,
1278 3263 1315 3323 ut
1335 3259 1558 3342 quaerendum

424 3368 479 3447 sit,
510 3364 666 3433 meritone
696 3363 739 3429 sit
766 3360 983 3446 repudiatum,
1019 3360 1106 3447 quod
1136 3362 1172 3426 in
1200 3362 1306 3430 uerbis
1337 3361 1432 3429 Glem.
1463 3362 1558 3431 Alex.

423 3471 579 3556 Protrept.
601 3491 632 3553 p.
657 3467 754 3548 141³,
781 3466 952 3550 perspicua
980 3464 1200 3533 emendatione
1222 3465 1362 3533 Lohecki
1387 3468 1558 3552 temptatis
1697 3560 1698 3563 Ἴ

425 3574 593 3660 (Aglaoph.
615 3595 647 3657 p,
670 3577 732 3640 827
751 3578 842 3659 sqq),
863 3593 923 3655 pro
943 3571 1069 3657 volgato
1088 3569 1223 3660 χοίρους
1245 3570 1477 3656 ἐκβάλλοντες,
1501 3576 1559 3643 cui

424 3672 588 3746 substituit
610 3675 843 3763 ἐσβάλλοντες,
872 3675 1067 3744 aSelmasio
1094 3677 1293 3761 propositum
1313 3684 1383 3745 erat
1412 3674 1554 3769 χοίρους

425 3777 706 3864 καταβάλλοντες,
738 3799 810 3845 cum
830 3798 933 3844 sermo
959 3779 1001 3843 sit
1025 3777 1064 3843 de
1087 3777 1302 3844 subterraneis
1330 3777 1486 3858 cavernis,
1516 3780 1558 3845 in

424 3900 504 3967 quas
530 3898 644 3962 porcos
672 3877 887 3945 demerserint.
941 3877 1003 3945 Sed
1030 3883 1117 3945 totns
1142 3879 1204 3946 iste
1233 3878 1320 3945 locus
1347 3900 1388 3946 ne
1409 3880 1554 3948 Lobeclri

423 3985 552 4071 quidem
573 3980 747 4065 suspitione
767 3988 957 4065 personatus
977 3982 1110 4050 videtur.
1160 3982 1200 4047 ln
1221 3983 1286 4049 aha
1308 4002 1403 4049 causa
1423 3984 1551 4053 Plutar-

423 4094 501 4159 chus
522 4090 562 4158 de
585 4086 758 4172 vulpeculis
777 4108 798 4152 a
816 4087 963 4155 barbaris
984 4089 1019 4154 in
1042 4088 1153 4156 fluvios
1172 4090 1353 4175 praemissis
1373 4090 1416 4156 ed
1433 4093 1553 4179 glaciei

422 4189 663 4258 crassitudinem
676 4185 890 4273 indagandam
901 4190 1066 4271 usurpavit
1082 4189 1287 4280 προβάλλειν
1302 4191 1341 4257 de
1355 4192 1461 4274 primo
1476 4194 1550 4281 frig.

421 4317 451 4380 p.
474 4295 574 4363 asad
598 4291 682 4361 ὅθεν
702 4290 736 4359 οὶ
755 4290 925 4383 βάρβαροι
948 4293 1161 4379 διαβαίνουσι
1189 4296 1289 4384 πεζῇ,
1320 4297 1553 4386 προβαλόντες

423 4394 603 4476 άλάπεκας
625 4398 705 4478 κτλ,
728 4397 844 4483 quibus
865 4395 1177 4477 corrumpamus,
1200 4402 1232 4479 8,
1258 4407 1272 4466 1
1297 4397 1331 4479 ἐς
1351 4397 1393 4465 τά
1416 4403 1551 4494 μέγαρα

422 4497 609 4583 καλούμενα
641 4494 824 4590 άφιάσιν
852 4487 898 4579 ὗς
924 4502 990 4565 τῶν
1017 4504 1166 4587 νεογνῶν.
1217 4570 1223 4581 ,

505 4604 544 4671 In
565 4602 676 4671 eedem
696 4604 814 4672 vicinia
841 4605 921 4672 haec
951 4604 1100 4691 leguntur
1129 4604 1188 4694 τῆν
1217 4608 1255 4676 δὲ
1282 4596 1321 4673 ὗν
1350 4602 1548 4699 ἀποχρη-

421 4708 582 4795 στῆσαι
611 4703 668 4770 καὶ
694 4710 864 4789 τιμᾶσθαι
900 4708 1054 4796 λέγουσι·
1088 4706 1203 4797 πρώτη
1232 4707 1296 4799 γάρ
1325 4706 1470 4793 σχίσασα
1499 4716 1549 4800 τῷ
