3700 5625
723 645 937 708 ..01-

269 804 354 870 inter
374 803 577 872 scribendum
597 803 707 890 aliqua
727 827 768 872 ex
786 804 893 874 taedio
913 807 1128 894 neglegentia,
1149 805 1400 892 praepositiones

268 908 510 991 ronpositornm,
531 911 685 994 tanquam
704 909 823 974 nullius
844 910 1009 990 commodi,
1029 916 1159 994 arrepta
1178 914 1304 978 tantum
1317 929 1399 995 quas

269 1027 303 1075 sc
319 1008 426 1074 animo
447 1006 601 1074 offerebat
621 1014 770 1075 notarum
790 1029 902 1076 vocum
921 1011 1035 1094 specie,
1056 1013 1284 1092 omitterentur,
1304 1009 1400 1094 idque

268 1106 370 1173 multo
391 1106 487 1172 latius
508 1107 543 1172 in
565 1107 672 1175 codice
693 1108 867 1196 archetypo
895 1111 1001 1192 patuit
1019 1131 1115 1195 quam
1134 1110 1226 1198 volgo
1248 1109 1397 1178 creditur.

353 1208 393 1274 Iu
412 1208 483 1275 loco
502 1209 566 1287 IX,
591 1217 643 1290 15,
665 1215 684 1276 2
705 1231 736 1294 p.
759 1211 861 1291 748d.
881 1213 939 1279 ubi
959 1213 1064 1282 editur
1084 1213 1142 1280 καὶ
1162 1211 1224 1302 γὰρ
1248 1209 1330 1300 αῦτη
1351 1204 1392 1298 (ἡ

269 1307 428 1404 ῦρχησις)
458 1313 514 1381 καί
543 1311 716 1402 πάνδημόν
750 1340 825 1382 τινα
853 1318 1030 1407 ποιητικήν
1058 1315 1395 1407 προσεταιρισαμένη,

269 1419 328 1504 τῆς
348 1412 376 1482 δ’
401 1411 560 1504 οὐρανίας
581 1415 827 1483 ἐκπεσοῦσα
848 1415 1033 1504 ἐκείνης,
1057 1437 1228 1502 perperam
1248 1413 1396 1482 Beusele·

271 1543 327 1588 rus
342 1521 449 1588 nescio
465 1541 528 1607 quo
543 1541 651 1587 errore
671 1520 903 1588 circumductus
915 1541 975 1605 pro
998 1518 1123 1606 ἐκείνης
1144 1519 1321 1588 breviorem
1334 1517 1396 1584 for·

270 1649 354 1698 mam
368 1626 477 1713 κείνης
497 1626 668 1693 Plutarcho
690 1626 859 1694 obtrudere
881 1631 1012 1704 conatis
1028 1631 1084 1704 est
1108 1627 1197 1692 cuius
1218 1625 1303 1709 apud
1325 1644 1398 1690 eum

275 1739 427 1818 conparet
447 1733 592 1802 necocia
609 1754 669 1800 nec
689 1735 865 1822 vestigium.
904 1731 968 1800 Sed
988 1732 1040 1800 his
1058 1731 1234 1799 refutandis
1254 1751 1396 1815 superse·

273 1840 343 1908 deri
364 1840 483 1923 inpune
504 1840 637 1922 poterit,
661 1840 758 1904 immo
777 1840 831 1905 hic
851 1860 977 1924 quoque
998 1839 1177 1926 gratissimo
1202 1835 1400 1904 traiectionis

269 1946 439 2012 verborum
460 1943 651 2010 adminiculo
671 1965 768 2028 quam
788 1945 926 2010 maxime
946 1943 1100 2010 utendum
1123 1947 1200 2023 erat,
1221 1946 1259 2008 ut
1281 1941 1396 2008 scribe·

268 2056 356 2120 retur
383 2052 455 2135 τῆς
484 2042 513 2113 d'
537 2041 744 2137 οὐρανίας
771 2044 936 2134 ἐκείνης
963 2045 1223 2114 ἐκπεσοῦσα.
1273 2043 1335 2111 Sed
1367 2049 1400 2110 et

269 2158 348 2226 haec
376 2176 461 2222 nunc
482 2154 681 2222 dimittemus
701 2160 734 2220 et
751 2155 956 2222 Benselerum
982 2156 1088 2240 ipsum
1114 2176 1143 2221 v.
1165 2154 1205 2233 d.‚
1225 2154 1281 2239 qui
1307 2151 1398 2219 nobis

270 2266 354 2332 hauc
375 2283 499 2329 moram
516 2261 643 2340 iniecit,
670 2282 744 2327 cum
771 2283 853 2345 quae
882 2261 922 2328 de
944 2261 1005 2327 hac
1034 2281 1129 2326 causa
1156 2281 1176 2326 a
1193 2281 1244 2325 me
1265 2259 1399 2342 aliisque

270 2375 303 2438 et
315 2369 356 2437 ab
371 2367 517 2434 hiatuum
537 2365 617 2432 adeo
638 2363 888 2449 desuitoribus*)
912 2365 948 2430 in
961 2364 1074 2432 ceteris
1089 2361 1253 2428 Plutarchi
1272 2360 1398 2443 scriptis

268 2472 355 2539 iuter
376 2467 547 2554 legendum
570 2467 737 2534 obseruata
758 2471 840 2545 sunt,
860 2465 924 2532 alio
941 2465 1011 2532 loco
1025 2465 1149 2549 alioque
1171 2469 1322 2547 tempore,
1342 2463 1399 2530 ubi

269 2573 428 2642 Hercheri
458 2571 626 2657 diligentia
646 2590 744 2637 nosos
763 2571 927 2655 aperuerit
953 2571 1114 2636 cesimum
1136 2566 1309 2635 lectionum
1325 2569 1396 2638 the·

269 2699 394 2758 sauros,
423 2676 491 2743 sine
520 2676 636 2762 quibus
664 2677 701 2741 in
720 2681 788 2742 tam
808 2677 942 2760 ancipiti
974 2681 1007 2744 et
1027 2675 1190 2742 seiebrosa
1219 2697 1254 2742 re
1283 2675 1399 2758 pedem

271 2797 459 2863 promovere
483 2780 588 2860 potest
608 2796 714 2855 nemo,
735 2776 830 2859 plene
861 2777 1085 2863 enucleateque
1108 2776 1307 2861 expositurus
1329 2775 1398 2845 sim

267 2882 384 2967 itaque
405 2879 501 2947 redeo
521 2878 606 2947 unde
626 2878 789 2964 digressus
806 2898 885 2943 sum.

354 2981 458 3066 Saepe
477 2981 598 3047 dictum
620 2986 669 3049 est
689 3002 754 3046 non
774 3002 892 3065 paucos
912 2980 1188 3069 Symposiacorum
1209 2978 1296 3047 locos
1312 2979 1395 3047 insa·

267 3085 393 3153 nabiles
412 3082 522 3163 videri,
543 3082 628 3168 quod
648 3083 835 3150 lacunarum
855 3088 1042 3167 premantur
1064 3083 1253 3167 suspitione;
1274 3082 1310 3148 in
1325 3082 1398 3149 eliis

267 3191 408 3258 feliciter
429 3188 554 3255 detecta
574 3188 690 3254 lacum
702 3186 790 3254 facili
811 3188 974 3256 molimine
997 3186 1118 3272 expleri
1136 3193 1250 3272 potest
1271 3193 1308 3252 ut
1328 3186 1398 3255 looo

270 3316 354 3361 noua
378 3312 508 3378 prorsus
529 3297 563 3359 et
575 3293 795 3377 inexspectata
814 3292 870 3359 lux
891 3293 1061 3381 adfuigcat.
1098 3292 1207 3361 Unum
1226 3291 1399 3359 alterumve

269 3399 427 3468 subiciam
447 3397 635 3481 exemplum.

352 3506 450 3573 Libro
464 3505 518 3585 IV,
539 3512 568 3585 5,
594 3513 608 3573 1
629 3526 660 3589 p.
685 3510 780 3574 droa
799 3505 964 3590 inquirens
984 3505 1020 3570 in
1040 3510 1148 3589 partes
1169 3524 1248 3589 quas
1270 3524 1341 3571 sues
1362 3506 1397 3571 in

267 3636 302 3681 re
317 3608 437 3675 cereali
458 3608 651 3688 habmssent,
671 3607 827 3694 quosdam
845 3606 1017 3674 credidisse
1037 3608 1091 3687 ait
1112 3627 1171 3691 per
1192 3628 1263 3673 sues
1285 3607 1399 3676 arandi

267 3715 440 3785 artificium
460 3719 672 3781 monstratum
700 3735 784 3794 esse,
810 3719 849 3780 ut
876 3714 933 3800 qui
953 3713 1142 3781 vocabulum
1169 3708 1257 3791 ῦννις
1286 3714 1327 3781 ab
1357 3701 1396 3792 ῦς

267 3825 474 3891 derivasssnt.
516 3822 639 3889 Deinde
659 3824 766 3907 pergit
786 3818 817 3885 oi
843 3822 879 3888 δέ
899 3820 941 3886 τὰ
961 3817 1125 3905 μαλθακοὶ
1145 3817 1201 3885 καί
1221 3820 1318 3886 κοῖλα
1340 3822 1399 3906 τῆς

261 3921 378 4015 χώρας
398 3920 587 4010 Αίγύπτιον
614 3927 850 4013 γεωργοῦντες,
882 3918 953 3990 οὐδ’
974 3917 1118 4013 ἀρότρου
1137 3923 1271 3992 δέονται
1291 3948 1399 3989 τοπα-

265 4026 394 4121 ράπαν·
411 4021 483 4094 ἀλλ’
499 4020 615 4095 ὅταν-ἐ
630 4028 753 4107 Νεῖλος
767 4021 921 4118 ἀπορρέῃ
938 4026 1145 4117 καταβρέξας
1160 4026 1220 4105 τὰς
1234 4020 1391 4115 ἀρούρας,

265 4132 682 4211 ἐπακολουθοῦντες
703 4131 781 4211 τὰς
801 4122 848 4211 ῦς
868 4132 1063 4218 κατέβαλον.
1101 4134 1186 4211 Quae
1207 4131 1304 4197 verbe
1324 4150 1396 4196 con·

263 4258 383 4325 parare
403 4237 493 4305 iuvat
509 4258 582 4304 cum
600 4236 788 4306 Herodoteis
809 4238 852 4318 ΙΙ,
877 4244 916 4305 14
939 4232 1012 4303 ἀλλ’
1036 4233 1138 4303 ἐπεάν
1161 4257 1223 4322 σφι
1246 4229 1264 4301 ὃ
1288 4258 1398 4301 ποτα-

338 4532 367 4598 *)
388 4534 477 4588 Veluti
499 4536 523 4587 si
540 4551 625 4603 nuper
641 4536 667 4588 iu
686 4536 740 4589 vita
757 4536 849 4590 Dionis
862 4540 878 4590 6
891 4551 938 4603 pro
950 4535 1057 4603 volgato
1072 4531 1227 4605 φάρμακον
1242 4533 1397 4591 ὑπνωτικὸν

265 4627 393 4681 alveum
410 4619 506 4685 δόντες
524 4626 614 4678 dedita
631 4641 711 4692 opera
734 4626 910 4679 caecutientes
936 4624 1067 4689 corrigere
1091 4623 1217 4677 volebant
1242 4619 1396 4695 φάρμακον

263 4714 392 4767 αἰτοῦντι
409 4708 569 4768 ὑπνωτικὸν
584 4708 680 4773 δόντες
702 4718 728 4765 ot
750 4728 819 4780 qnae
842 4717 904 4764 sunt
929 4709 980 4762 aiio
1005 4726 1059 4763 non
1077 4712 1113 4764 ita
1137 4725 1222 4777 pauca
1241 4710 1320 4761 huius
1339 4709 1397 4761 dili-

264 4795 376 4863 gentiae
395 4799 521 4848 monstra
