3700 5625
765 640 978 703 ..69-

309 795 414 879 capite
436 796 597 886 περὶτοῦ
617 796 705 878 τίνες
725 797 847 888 κυρίως
877 799 909 867 oi
941 803 1152 886 παλαμναῖοι
1173 804 1250 873 chit.
1274 808 1351 890 VH,
1377 817 1435 880 123

309 896 406 962 etiam
426 897 612 964 Telchinum
632 901 826 989 mentionem
847 900 925 968 fecit
946 903 996 968 his
1016 904 1121 971 verbis

418 1001 569 1084 Τελχῖνες
591 995 675 1089 ἦσαν
697 1003 737 1091 δή
760 1028 847 1083 τινες
868 1009 933 1070 τῶν
956 1010 1134 1095 φθονερῶν
1157 1005 1326 1092 δαιμόνων

381 1190 386 1197 „
413 1195 507 1272 οὗτοι
528 1207 646 1294 στυχὸς
666 1210 713 1295 τῷ
734 1205 831 1274 ὕδατι
851 1207 1021 1299 ῥαίνοντες
1042 1211 1098 1296 γῆν
1120 1204 1294 1298 ἦκάριτουν

302 1309 337 1370 et
354 1305 500 1372 Eustath.
521 1327 552 1389 p.
569 1312 639 1385 771,
655 1313 695 1375 55
719 1306 766 1372 ed
780 1307 878 1386 Rom,
900 1310 989 1374 cuius
1010 1311 1110 1376 menti
1132 1331 1197 1376 non
1218 1311 1329 1379 dubito
1352 1315 1430 1401 quin

300 1412 387 1477 idem
402 1411 567 1477 Strabonis
580 1413 668 1478 locus
685 1413 817 1480 obscure
832 1415 1016 1481 obversatus
1034 1414 1137 1495 fuerit
1159 1417 1227 1500 ipse
1243 1417 1373 1482 Nonnus
1393 1419 1428 1482 iu

301 1511 381 1590 loco,
403 1533 497 1594 quem
511 1533 608 1594 supra
621 1513 780 1579 Lobeokio
801 1519 931 1580 auctore
947 1514 1109 1598 adscripsi,
1135 1522 1318 1584 constanter
1341 1523 1430 1586 tenet

301 1612 432 1678 verbum
455 1609 585 1702 ῥαίνειν
615 1613 666 1678 vel
693 1611 938 1702 τιεριρραίνειν,
969 1620 1005 1679 ut
1026 1617 1122 1684 etiam
1149 1618 1235 1700 apud
1255 1619 1429 1686 Zenobium

302 1713 389 1780 Cent.
410 1712 454 1790 V,
474 1721 512 1779 41
536 1735 567 1795 p.
592 1719 667 1792 137,
688 1714 743 1798 qui
764 1715 849 1782 idem
872 1716 1058 1782 Telchinum
1079 1716 1206 1797 facinus,
1234 1719 1319 1784 virus
1339 1741 1427 1786 acer-

300 1812 413 1878 bitatis
434 1812 469 1876 in
487 1834 581 1898 agros
601 1813 837 1891 effimdentium
858 1816 905 1881 ita
918 1817 1010 1882 nobis
1031 1823 1105 1884 ante
1120 1819 1226 1884 oculos
1245 1821 1338 1902 ponit
1349 1813 1425 1886 οἶδα

299 1915 436 2000 Σίμωνα
451 1915 510 1983 καί
523 1914 635 2000 Σίμων
649 1916 723 1999 ε’μέ·
751 1916 913 2000 Τελχίνων
930 1917 1030 2009 φύσει
1046 1918 1221 2004 βασκάνων
1236 1915 1349 1989 ὄντων·
1366 1921 1430 1990 Ικαί

297 2018 362 2109 γὰρ
384 2023 431 2107 τῷ
452 2021 509 2106 τῆς
528 2017 646 2105 στυχὸς
671 2015 770 2085 ὕδατι
792 2019 851 2106 τὴν
870 2023 928 2106 γῆν
955 2022 1273 2111 καταρρέοντες
1301 2017 1428 2110 cipedo

300 2121 456 2204 ἐποίουν,
484 2123 659 2189 rectissime
686 2123 726 2188 ab
748 2122 860 2190 eodem
881 2123 1039 2188 Lobeckio
1061 2124 1262 2190 emendatum
1283 2125 1427 2192 videatur

298 2225 673 2317 καταρραίνσντις
708 2219 910 2316 ι’ίκαρττον
948 2224 1100 2307 ἐποίουν,
1138 2249 1330 2312 quamquam
1367 2248 1425 2310 pro

151 2313 154 2316 ¹
232 2411 237 2416 ¹
299 2327 456 2422 ἄκαρπον
483 2331 598 2400 vellem
617 2331 794 2412 scripsisset
822 2325 975 2419 ἀρχόν.
1020 2331 1164 2414 Denique
1185 2330 1361 2396 Meinekius
1390 2332 1424 2396 in

296 2438 454 2522 proximis
475 2458 534 2520 pro
553 2434 643 2523 ζῴων
655 2436 763 2520 posuit
784 2436 890 2527 ῥιζῶν,
914 2437 1003 2502 cuius
1021 2436 1206 2502 mutationis
1218 2457 1345 2502 causam
1366 2457 1424 2522 ego

296 2541 390 2607 video
404 2541 533 2607 nullam.
562 2540 600 2605 ln
614 2540 783 2622 propatulo
799 2545 847 2606 est
860 2541 959 2618 enim,
981 2541 1063 2606 nihil
1077 2540 1235 2606 efficacius
1253 2541 1315 2606 dici
1333 2562 1425 2623 posse

296 2645 341 2711 ad
361 2642 616 2727 persuadendum
643 2664 739 2726 quam
767 2643 947 2725 perniciosa
971 2643 1068 2710 fuerit
1098 2645 1192 2730 stygii
1217 2645 1349 2728 liquoris
1367 2645 1421 2712 ad-

296 2772 422 2836 sperge,
435 2770 531 2835 quam
545 2749 572 2815 si
586 2748 665 2815 adeo
677 2748 805 2832 plenam
818 2749 892 2815 inde
906 2755 1105 2832 procreatam
1116 2749 1211 2817 fuisse
1227 2751 1425 2835 geographus

295 2858 386 2923 dicat
398 2855 580 2939 perniciem,
595 2857 632 2920 ut
645 2853 797 2938 quicquid
811 2853 886 2919 inde
898 2858 1056 2938 gustasset
1069 2858 1196 2935 praeter
1204 2853 1353 2931 homines,
1368 2856 1423 2937 qui

293 2962 373 3027 victi
393 2959 540 3043 pulsique
560 2965 640 3023 touta
650 2959 813 3039 fructuum
836 2961 1063 3041 animaliumque
1083 2963 1136 3042 qut
1155 2960 1221 3023 iude
1244 2964 1423 3023 vescerentur

294 3064 461 3125 commitatu
479 3058 512 3121 in
528 3056 648 3122 alienas
662 3057 809 3141 regiones
820 3077 854 3122 se
868 3060 1064 3139 receperunt
1083 3056 1210 3139 penitus
1225 3057 1379 3123 interiret.

381 3157 441 3223 His
453 3158 500 3223 ita
512 3156 661 3239 perfectis
682 3155 723 3223 ad
737 3156 942 3228 Plutarchum
962 3157 1066 3224 redeo.
1100 3158 1202 3243 Supra
1223 3160 1423 3227 observatum

291 3268 343 3331 est
373 3264 401 3328 si
429 3261 557 3346 quando
584 3261 672 3325 locus
699 3260 785 3343 apud
812 3259 1019 3326 Plutarchum
1046 3262 1096 3329 vel
1127 3261 1216 3327 nulle
1247 3264 1422 3329 sententiae

289 3367 368 3432 labe
380 3363 579 3447 corruptelae
597 3368 750 3447 argiratur
769 3363 820 3429 vel
835 3365 961 3447 quando
983 3366 1097 3431 vitiosa
1110 3367 1253 3433 codicum
1266 3368 1423 3449 scriptura

248 3500 252 3512 ·
288 3471 372 3536 satis
398 3468 608 3551 probabiliter
637 3468 678 3534 ab
705 3468 881 3535 editoribus
908 3470 1042 3554 aliisque
1073 3471 1242 3537 emendata
1268 3472 1421 3544 videatm,

288 3571 449 3637 vocalium
480 3575 588 3637 tamen
606 3589 792 3635 concursum
813 3571 1006 3635 tutissimum
1027 3593 1094 3637 esse
1124 3572 1286 3656 gliscentis
1316 3572 1420 3639 adhuc

285 3678 363 3743 vitii
398 3676 559 3741 indicium.
611 3674 705 3740 Cuius
732 3677 911 3761 argumenti
947 3698 1008 3761 quo
1037 3678 1163 3761 gravius
1192 3699 1259 3743 esse
1296 3679 1420 3760 pondus

285 3781 514 3865 intellegatur,
542 3779 680 3858 duobus,
710 3802 781 3847 oum
800 3781 918 3865 possim
937 3782 1096 3864 pluribus,
1117 3784 1268 3867 exemplis
1291 3783 1418 3851 demon-

285 3886 411 3951 strabo.
461 3883 511 3950 Ita
537 3888 624 3951 recte
654 3884 768 3949 vitium
796 3885 924 3952 subesse
952 3892 1181 3971 perspexerunt
1215 3887 1351 3954 editores
1384 3890 1419 3953 in

283 3990 398 4073 Symp.
411 3987 466 4067 VI,
481 3994 509 4066 4,
530 3996 543 4055 1
556 4001 598 4070 p.
611 3994 706 4067 6900,
727 3989 783 4054 ubi
798 3990 987 4055 Plutarchus
1007 3980 1246 4075 disputaturus
1256 4015 1314 4057 cur
1335 4014 1418 4075 aqua

283 4115 305 4157 e
330 4094 430 4173 puteo
452 4089 579 4169 hausta,
600 4089 700 4155 siuas
722 4112 784 4173 quo
806 4091 987 4158 continetur
1007 4093 1130 4176 inipso
1150 4094 1238 4177 putei
1267 4097 1339 4158 a'e're
1360 4114 1419 4174 per
1470 4146 1473 4150 .

282 4198 418 4260 noctem
432 4192 649 4275 suspendetur,
664 4192 811 4279 frigidior
825 4194 883 4261 fiat
897 4218 993 4280 quam
1006 4219 1116 4265 recens
1129 4197 1249 4274 hausta,
1265 4195 1325 4260 hoc
1339 4195 1419 4261 dicit

281 4300 359 4363 πᾶν
388 4293 479 4383 ὕδωρ
510 4297 774 4385 προθερμανθὲν
804 4297 947 4387 ψύχεται
976 4301 1118 4384 μᾶλλον,
1149 4296 1263 4388 ὥσπερ
1286 4298 1325 4364 ud
1346 4304 1417 4379 τοῖς

278 4396 466 4479 βασιλεῦσι
495 4392 846 4485 παρασκευαζόμενον,
879 4396 981 4465 ὅταν
1011 4396 1130 4490 ἑψηθῇ
1158 4398 1254 4487 μέχρι
1287 4397 1416 4479 ζέσεως,

281 4495 556 4591 περισωρεύουσι
578 4503 626 4590 τῷ
646 4495 766 4591 ἀγγείῳ
786 4500 883 4585 χιόνα
906 4505 1042 4593 πολλὴν,
1065 4504 1121 4570 καί
1143 4501 1269 4591 γίνεται
1289 4502 1417 4594 ψυχρό-

277 4628 404 4694 τερον·
435 4600 551 4695 ὥσπερ
581 4598 699 4689 ολμὲλει
725 4606 781 4673 καὶ
802 4605 844 4674 τὰ
866 4603 1011 4695 ἡμέτερα
1034 4604 1174 4693 σώματα
1203 4610 1416 4693 λουσαμένων
