3700 5625
684 608 897 672 ..63-

242 769 339 835 homm
359 769 423 835 iter
445 787 504 851 per
526 768 716 870 Hispaniam
735 766 771 832 ΙΙ
793 787 824 852 p.
841 771 902 834 435
923 768 957 832 ct
977 785 1059 850 quae
1079 764 1251 833 afferentur
1272 785 1357 832 ame

243 877 274 939 in
291 875 458 940 Addendis.
505 873 567 940 Sed
588 875 653 940 aha
674 875 709 937 ni
735 873 830 938 fallor
851 872 993 954 suppetit
1013 869 1160 938 medendi
1181 872 1233 938 via
1255 871 1359 934 minus

244 979 357 1044 lubrica
386 981 419 1042 et
447 977 487 1042 ab
515 977 585 1058 ipso
614 977 777 1043 Athenaeo
807 980 1068 1058 praemonstrata.
1122 976 1183 1054 Qui
1212 996 1284 1040 cum
1311 974 1357 1040 IV

241 1101 267 1163 p.
291 1085 382 1146 1520
412 1080 447 1142 in
475 1080 639 1146 Gallorum
668 1081 864 1162 supellectile
895 1078 1103 1146 describenda
1135 1084 1359 1146 commemoret

243 1180 334 1248 κάνεα
358 1179 473 1261 ξύλινα
495 1184 551 1248 καὶ
575 1180 717 1263 πλεκτά,
740 1205 804 1248 non
823 1204 953 1266 prorsus
972 1183 1124 1249 abhorret
1145 1205 1164 1248 a
1184 1183 1251 1248 veri
1271 1182 1355 1248 simi-

239 1287 380 1365 htudine,
411 1286 600 1354 Strabonem
628 1288 810 1354 adcuratius
841 1289 994 1355 materiae
1017 1310 1116 1373 genus
1138 1309 1177 1354 ex
1198 1309 1261 1373 quo
1283 1309 1355 1352 oon-

239 1390 313 1456 fecta
331 1391 531 1471 potissimum
550 1389 669 1456 fuerint
691 1391 917 1456 Lusitanorum
940 1390 1161 1475 Celtorumque
1182 1413 1257 1456 vasa
1275 1391 1356 1455 indi-

240 1512 332 1569 casse,
354 1491 455 1580 idque
475 1491 554 1554 mihi
576 1490 754 1573 repperisse
776 1491 860 1556 visus
882 1512 953 1556 sum
974 1491 1133 1560 coniciens
1156 1486 1359 1578 φηγίνοις

241 1595 273 1660 δὲ
294 1589 440 1681 ἀγγείοις
468 1598 624 1683 χρῶνται.
677 1595 772 1660 Haud
794 1596 879 1661 enim
900 1617 1047 1662 erravero
1068 1596 1110 1675 si,
1140 1596 1233 1660 utin
1253 1595 1359 1676 prisca

236 1705 422 1770 Graecorum
441 1705 715 1788 Romanorumque
732 1709 889 1770 vetustate
904 1704 969 1788 fagi
985 1704 1085 1768 virtus
1101 1685 1232 1768 ad'vasa
1254 1703 1355 1768 cuius·

238 1830 351 1891 cunque
374 1809 500 1892 generis
530 1808 725 1874 conficienda
761 1809 847 1874 haud
875 1809 1038 1893 incognita
1058 1807 1170 1891 fuiti),
1190 1808 1250 1872 ita
1277 1807 1353 1872 Ger-

236 1912 330 1978 manis
357 1910 460 1977 Galhs
485 1910 582 1976 Celtis
608 1911 680 1997 (cfr.
701 1913 725 1977 I.
748 1913 871 1978 Grimm
892 1913 999 1996 Antiq,
1019 1913 1078 1978 iur.
1099 1934 1195 1998 germ.
1220 1932 1250 1993 p.
1273 1912 1357 1993 506),

238 2016 317 2098 quod
337 2016 454 2081 laetior
468 2017 568 2080 multo
583 2016 650 2081 illic
665 2023 734 2084 erat
748 2018 893 2102 fagorum
906 2023 1091 2101 proventus,
1113 2017 1359 2101 frequentiorem

210 2133 215 2138 “
238 2122 328 2187 etiam
349 2122 393 2187 ad
414 2144 561 2188 uasorum
581 2122 738 2188 fabricam
767 2124 1012 2190 adscribendum
1040 2125 1145 2189 dicam
1166 2124 1260 2190 huius
1279 2124 1359 2208 ligni

239 2246 331 2316 usum.
377 2225 482 2307 Atque
503 2225 611 2309 fagum
635 2225 753 2309 (fagum
775 2226 950 2291 silvaticam
966 2227 1012 2310 L.)
1036 2225 1070 2290 in
1089 2225 1262 2290 montuosis
1283 2224 1361 2290 locis

242 2313 413 2412 Hispaniae
436 2335 533 2412 atque
555 2329 688 2395 fortasse
710 2330 807 2394 etiam
825 2329 1008 2394 Lusitaniae
1017 2330 1065 2412 se)
1096 2327 1252 2411 hodieque
1275 2327 1362 2392 nasci

240 2434 486 2499 demonstratum
513 2435 652 2516 reperies
681 2434 766 2516 apud
786 2436 978 2501 recentiores
1005 2435 1156 2499 itinerum
1183 2432 1361 2499 conditores

241 2539 346 2623 (veluti
362 2539 413 2604 M.
439 2537 713 2606 Wihkomm1.l.
742 2538 774 2603 lI
800 2560 829 2621 p.
862 2544 948 2624 197),
978 2539 1102 2606 etiamsi
1131 2538 1170 2604 de
1197 2538 1361 2605 Strabonis

242 2647 342 2708 aetate
366 2640 490 2707 nullum
511 2641 545 2704 id
567 2641 731 2713 confirmet
751 2642 867 2707 vetoris
887 2642 1051 2724 scriptoris
1069 2642 1293 2708 testimonium.

313 2748 553 2831 Tempestivum
570 2746 696 2813 videtur
714 2747 789 2829 huic
806 2748 876 2813 loco
891 2751 958 2813 tres
972 2746 1051 2839 alios
1067 2745 1208 2813 eiusdem
1223 2747 1361 2813 auctoris

235 2855 387 2933 inserere,
417 2854 598 2938 dequibus
625 2854 720 2919 aliter
748 2854 850 2919 sentio
877 2857 973 2936 atque
1000 2853 1101 2917 visum
1131 2857 1179 2917 est
1200 2852 1360 2918 Meinehio

235 2960 297 3024 riro
320 2958 507 3024 clarissimo.
551 2958 633 3023 Leve
656 2963 705 3023 est
727 2956 811 3041 quod
830 2976 943 3022 moneo
965 2954 1092 3021 deloco
1114 2955 1189 3022 libri
1204 2956 1234 3035 I,
1255 2962 1359 3036 6=9,

236 3065 272 3125 22
286 3062 321 3124 in
341 3060 451 3125 vorbis
473 3053 621 3145 ἡμεῖςδὲ
642 3057 772 3141 τὸνμὲν
788 3053 894 3123 ιιλείω
918 3054 1016 3144 λόγον
1034 3057 1112 3147 περὶ
1134 3059 1194 3122 τοῦ
1214 3052 1362 3125 (inaurari
1433 3135 1435 3141 ¹

237 3159 288 3225 καὶ
319 3163 389 3226 ιιῦν
411 3156 655 3247 πληιιμσρίδων
687 3155 734 3236 εἷς
756 3155 986 3225 Ποσειδώνιον
1015 3152 1278 3242 ἀναβαλλόμεδα
1307 3160 1363 3227 καὶ
1433 3183 1436 3187 ·

232 3256 480 3350 Ἀθηνόδωρον,
505 3257 625 3337 ἱκαναῖς
652 3260 672 3325 δ
680 3254 1031 3349 ιακρασήσαντας
1059 3258 1114 3326 τὸν
1137 3258 1361 3348 περὶτούτων

234 3361 339 3451 λόγον,
357 3365 421 3443 ubi,
434 3384 625 3448 quamquam
640 3362 676 3425 in
697 3360 838 3438 Meinehi
852 3357 1140 3444 διακοιβώσανιας
1157 3358 1247 3439 (Plut.
1257 3356 1362 3441 Symp.

232 3470 292 3548 III,
311 3474 347 3547 8,
372 3476 386 3533 1
411 3488 441 3550 p.
460 3472 523 3533 656
536 3466 566 3551 c)
587 3464 638 3531 vel
661 3461 940 3550 διασαφήσαντας
961 3459 1118 3542 (ZosimI
1141 3480 1170 3542 p.
1188 3464 1278 3527 3230
1298 3459 1361 3547 χρὴ

232 3571 293 3660 γὰρ
305 3572 367 3638 ἐπὶ
380 3575 444 3635 τῶν
457 3566 660 3657 πραγμάτων
678 3559 697 3634 δ
716 3568 799 3652 λέγω
816 3566 1057 3653 διασαφῆσαι),
1076 3564 1157 3629 nihil
1170 3564 1363 3645 reprehendi
1470 3586 1472 3591 ·

232 3668 323 3753 posse
349 3670 553 3749 crediderim,
582 3669 646 3733 nisi
676 3668 760 3751 quod
789 3688 854 3732 non
882 3668 958 3733 satis
988 3672 1062 3748 apte
1089 3666 1234 3733 additum
1260 3667 1363 3733 videri

229 3762 330 3863 possit
356 3773 489 3853 ἱκανῶς,
513 3776 541 3840 si
561 3772 764 3845 scribendum
785 3772 895 3841 dixero
919 3767 1040 3848 ἱκαναῖς
1063 3770 1363 3861 διερευνήσασ-

298 4044 327 4109 *)
350 4044 398 4095 liis
412 4044 570 4095 conserenda
584 4050 643 4094 sunt
655 4050 755 4109 praetor
764 4044 828 4095 Pliu.
840 4042 909 4110 xvi,
930 4044 971 4109 38,
988 4045 1051 4097 185:
1070 4046 1138 4111 iugis
1151 4046 1268 4111 pectines
1281 4050 1362 4096 trans·

229 4130 299 4179 versi
317 4131 349 4179 in
367 4127 459 4193 pulpa;
481 4129 554 4192 apud
568 4129 690 4191 antiquos
707 4130 770 4179 inde
788 4135 814 4179 et
830 4131 902 4181 vasis
918 4129 1014 4183 honos,
1050 4130 1152 4182 Manius
1167 4128 1258 4181 Curius
1270 4131 1364 4182 iuravit

229 4230 258 4264 se
286 4231 319 4264 ex
344 4215 444 4279 praeda
470 4213 534 4265 nihil
557 4215 676 4278 attigisse
704 4221 806 4280 praeter
827 4222 929 4281 guttum
956 4218 1087 4283 saginum,
1118 4231 1169 4281 quo
1196 4206 1371 4282 sacrificaret,

229 4297 409 4368 Theophrasti
428 4296 455 4349 h.
472 4298 507 4363 pl.
527 4297 575 4361 lll,
597 4298 625 4361 8,
646 4299 678 4362 4,
704 4300 800 4364 quibus
818 4302 896 4352 ctiam
914 4302 1095 4355 accensendus
1115 4304 1246 4370 qqylvror
1263 4298 1364 4375 αρἠιήρ

229 4382 315 4436 Maeci
340 4386 365 4448 i,
387 4384 402 4432 5
422 4384 500 4435 Anth.
520 4384 600 4436 Palat.
622 4384 667 4448 Vl,
687 4386 719 4435 33
740 4392 765 4437 et
785 4401 864 4452 quem
882 4403 976 4443 omnes
995 4392 1089 4439 norunt
1104 4387 1176 4452 pueri
1195 4390 1277 4441 nostri
1295 4391 1374 4455 apud.

229 4456 357 4521 Ovidium
370 4470 503 4535 sayclam
521 4471 616 4519 arveum
636 4477 661 4521 a
681 4471 777 4522 similia
795 4474 865 4540 apud
884 4474 1024 4526 Tiburtum.

232 4646 235 4651 Ι
298 4572 348 4639 **)
374 4572 432 4624 lloc
451 4589 494 4624 mc
519 4574 614 4628 alicobi
638 4576 828 4641 legisseoorts
846 4578 973 4627 memoria
991 4583 1083 4639 teneo;
1108 4577 1257 4639 dubitanter
1278 4585 1364 4630 tamen

226 4660 409 4725 promendum
429 4664 498 4724 erat,
517 4663 641 4724 quoniam
654 4662 789 4713 incassum
807 4662 924 4727 quaesivi
944 4662 1066 4712 disertam
1080 4660 1159 4714 huius
1176 4665 1276 4733 arboris
1292 4677 1363 4714 com·

229 4743 455 4797 memorationem
475 4746 545 4810 opud
564 4745 687 4799 Linkium
705 4749 732 4799 iu
749 4748 841 4799 itinere
858 4760 906 4811 per
923 4744 1083 4799 Lusitaniam
1100 4748 1173 4802 Kilae
1194 4750 1268 4801 1801.
1370 4750 1373 4757 ’
