3700 5625
723 605 940 670 ..33-

264 761 340 852 μετ’
352 761 522 852 εὐσεβείας
532 764 755 848 κοιμωμένοις
766 760 1175 850 κάλλιστονάποιιιίμενον
1182 763 1396 856 χαριστήριον

263 870 373 937 nescio
391 871 462 953 qrris
483 867 736 935 admirabundus
757 867 929 952 adscripsit
948 863 1028 936 ὁσία
1051 869 1109 935 καὶ
1124 862 1261 958 εὐσεβὴς
1278 864 1299 957 ἡ
1314 869 1392 938 ἐπί-

266 995 360 1050 νοια,
386 993 468 1056 quae
490 977 601 1054 postea
627 978 702 1038 sunt
729 973 765 1037 in
792 979 916 1040 textum
938 979 1093 1057 suscepta
1142 971 1207 1040 Sed
1226 975 1338 1042 reiecit
1356 997 1397 1043 ea

261 1077 306 1144 ad
321 1079 502 1164 marginem
522 1077 652 1165 elegans
660 1077 853 1144 Valckenari
868 1079 1033 1164 ingenim
1048 1081 1130 1145 teste
1145 1076 1264 1144 Gobeto
1279 1078 1394 1144 linem.

264 1184 349 1248 1859
361 1201 392 1264 p.
410 1186 482 1249 294.
517 1181 660 1268 Itemque
676 1182 762 1265 apud
778 1182 922 1265 Xenoph.
936 1181 1051 1266 Ephes
1061 1182 1094 1262 Ι,
1117 1187 1155 1250 12
1166 1203 1197 1265 p.
1209 1188 1285 1262 341,
1301 1189 1343 1251 24
1355 1182 1394 1250 ii

268 1309 287 1352 e
310 1288 457 1373 margine
478 1292 640 1372 receptam
661 1309 728 1354 csse
750 1310 858 1355 vocem
880 1287 1077 1378 ἐπίγραμμα
1097 1288 1193 1370 plane
1221 1289 1302 1355 mihi
1321 1309 1417 1373 per-⁶

259 1393 364 1458 suasit
384 1393 575 1461 Hercherus.
619 1392 772 1458 Similiter
792 1393 872 1461 alias
899 1393 1069 1460 sciolorum
1090 1388 1224 1483 ὡραῖον,
1248 1386 1394 1476 ἀστεῖον,

259 1496 429 1587 χρήσιμον
438 1504 507 1578 etc,
522 1498 638 1583 quibus
657 1499 712 1582 qui
731 1498 854 1566 codices
871 1498 1062 1576 scribebant
1074 1497 1179 1562 locum
1196 1497 1395 1580 praeclarum

258 1601 365 1688 digito
380 1605 472 1688 quasi
487 1608 664 1669 monstrare
679 1608 880 1681 consuerant,
897 1603 934 1667 iu
949 1602 1021 1685 ipsa
1034 1601 1198 1685 scriptoris
1214 1605 1314 1669 rerba
1326 1623 1394 1669 sese

256 1709 517 1786 insinuaverunt,
546 1707 721 1790 exquibus
754 1700 880 1796 ὡραῖον
900 1703 1077 1772 identidem
1102 1703 1145 1769 ad
1165 1725 1255 1770 cram
1276 1703 1394 1770 codicis

257 1813 519 1880 vindobonensis
538 1812 701 1894 adpictum
721 1833 797 1887 esse,
816 1816 904 1876 certa
919 1809 1073 1876 memoria
1084 1814 1186 1874 teneo.
1225 1806 1277 1873 lta
1289 1808 1394 1874 scriba

257 1919 405 1986 eiusdem
428 1919 544 1985 codicis
561 1918 699 1984 Palatini
719 1918 754 1982 iu
779 1918 832 1982 vit.
848 1916 968 1982 Antoni
986 1937 1011 1981 c.
1035 1921 1056 1983 9
1072 1915 1210 2000 margini
1225 1913 1393 1996 adscripsit

261 2020 394 2116 ὡραῖον
417 2023 504 2092 πάνυ
523 2021 561 2090 od
581 2019 704 2112 χωρίον
727 2019 805 2088 ὅλον
826 2023 883 2088 καὶ
904 2021 991 2112 πρὸς
1012 2013 1131 2111 άρετὴν
1152 2017 1393 2109 παροξυντικὸν

258 2137 293 2197 et
318 2130 384 2196 alia
405 2129 484 2195 alias
506 2127 647 2194 eiusdem
668 2126 793 2211 generis
814 2125 966 2208 plurima,
997 2144 1079 2209 quae
1102 2123 1186 2188 unde
1216 2122 1391 2206 serpserint

256 2253 327 2298 non
348 2232 516 2298 obscmum
537 2230 631 2313 est*).
657 2227 719 2293 Sed
742 2227 819 2311 quid
840 2229 935 2310 plura
954 2225 1070 2292 addam
1091 2229 1338 2308 cum'quautum
1357 2225 1392 2290 in

257 2339 313 2404 his
326 2337 530 2420 peccaverint
543 2334 788 2418 archetyporum
802 2333 933 2410 scribae,
949 2333 1135 2414 incorrupta
1145 2329 1259 2396 Galerii
1274 2329 1392 2394 oculati

257 2444 355 2529 quasi
382 2441 473 2508 testis
493 2440 556 2506 fide
578 2439 612 2503 in
635 2441 800 2503 comment.
823 2437 864 2502 ad
885 2435 1037 2518 Hippocr.
1059 2432 1203 2517 Epidern
1224 2432 1283 2498 111
1304 2431 1388 2499 Tom

256 2547 371 2626 XVII,
398 2555 412 2615 1
436 2568 466 2630 p.
497 2551 559 2614 634
574 2545 612 2610 Κ.
635 2543 833 2622 stabiliatur,
863 2541 987 2608 laudati
1006 2541 1071 2607 iam
1091 2561 1112 2606 a
1134 2538 1253 2606 Cobeto
1274 2538 1389 2605 hinem

260 2653 347 2719 1859
360 2671 391 2733 p.
401 2654 478 2716 435:
505 2647 607 2734 δῆλον
622 2642 676 2712 ὅτι
688 2644 985 2734 παριγγέγραπται
998 2645 1099 2709 τοῦτο
1116 2637 1312 2733 πράςτινος,
1331 2639 1390 2725 οὐχ

257 2748 335 2844 ὑφ’,
343 2749 588 2843 Ἱπποκράτους
608 2745 711 2819 αὐτοῦ
733 2749 935 2839 γέγραπται·
957 2749 1040 2833 τάχα
1068 2748 1106 2818 δέ
1129 2773 1181 2828 τις
1208 2749 1265 2815 καὶ
1286 2772 1390 2841 προς-

258 2857 412 2947 έγραψιν
429 2852 537 2922 ἕνεκεν
552 2850 686 2933 ἑαυτοῦ,
705 2848 864 2941 καθάπερ
882 2846 1052 2935 εἰώθαμεν
1068 2845 1256 2938 ὑπόμνησιν
1270 2850 1305 2917 ἐν
1320 2856 1391 2929 τοῖς

257 2955 450 3043 μειωπίοις
471 2955 674 3023 τὰτοιαῦτα
697 2954 946 3045 προσγράφειν·
970 2947 1042 3020 εἶτά
1064 2978 1115 3033 τις
1137 2957 1202 3019 τῶν
1222 2978 1390 3045 μεταγρα-

259 3063 394 3153 φάνιων
416 3062 549 3146 βιβλίον
576 3058 623 3141 ὡς
647 3056 752 3129 αὐτοῦ
774 3064 835 3127 τοῦ
857 3060 1075 3150 συγγραφέως
1105 3054 1143 3128 ὃν
1171 3057 1221 3140 εἰς
1241 3055 1281 3127 τὸ
1302 3056 1391 3151 ὕφος

258 3164 343 3233 αὐτὸ
364 3167 613 3254 μετέδηκενθ).

347 3270 456 3337 Unum
476 3292 559 3336 nunc
578 3293 595 3337 e
612 3269 822 3356 Symposiacis
844 3267 1024 3352 exemplum
1039 3269 1169 3337 afferam
1189 3292 1229 3337 ex
1249 3272 1320 3338 libr.
1332 3272 1390 3351 III,

262 3382 292 3455 6,
311 3383 325 3441 l
342 3390 372 3458 p.
389 3381 484 3443 osse.
527 3374 578 3442 Ibi
602 3378 716 3457 (sermo
738 3382 787 3441 est
808 3374 847 3439 de
869 3396 906 3441 eo
929 3395 991 3459 quo
1012 3379 1155 3458 tempore
1177 3374 1333 3442 derebus
1348 3375 1391 3441 ad

262 3495 333 3539 rem
354 3496 521 3541 veneream
543 3475 759 3557 spectantibus
780 3475 935 3541 disserere
956 3475 1081 3540 licitum
1100 3474 1155 3559 sit)
1179 3476 1259 3541 haec
1280 3478 1389 3563 legun·

264 3590 334 3645 tur:
358 3574 490 3659 κάλικος
513 3579 551 3646 δὲ
574 3580 794 3670 προκειμένης
815 3580 848 3647 ἐν
871 3577 1032 3667 συνήθεσι
1053 3577 1110 3645 καὶ
1133 3573 1269 3668 qu'tosg,¹
1286 3578 1391 3651 ἔνθα

331 3714 358 3785 ³⁸)
377 3718 478 3771 Eodem
496 3723 578 3773 modo
598 3729 735 3788 corruptus
755 3728 795 3774 est
813 3721 952 3789 Antiphon.
971 3736 1012 3787 ep.
1032 3719 1106 3776 Siob.
1126 3721 1212 3776 Floril.
1226 3724 1269 3790 20,
1288 3726 1323 3777 44
1341 3725 1390 3779 οὖν

262 3800 338 3853 ἔστιν
351 3798 392 3852 ὅτι
411 3796 446 3854 riv
459 3798 637 3873 ὀργιζόμενος
653 3798 803 3879 άνδρωπος
822 3796 852 3859 εὖ
870 3810 963 3874 γνοίη·
982 3803 1047 3859 αὐτὸ
1059 3803 1113 3879 γάρ
1129 3802 1315 3876 tesolatam
1333 3810 1392 3881 τὴν
1462 3863 1474 3880 ,

261 3884 411 3961 γνώμην
428 3891 589 3960 διαφθείρει
610 3894 658 3945 τοῦ
677 3890 845 3963 άνδριάπου,
869 3894 915 3946 ubi
937 3891 1033 3959 Cobet,
1058 3907 1216 3960 quemquam
1236 3898 1291 3951 viiii
1312 3915 1393 3951 causa

262 3988 317 4023 nou
337 3980 488 4038 perspecta,
517 3970 634 4046 γνώμην
651 3977 843 4029 secludendum
865 3980 955 4030 suasit.
997 3978 1081 4031 Vides
1100 3982 1151 4031 iem
1170 3983 1240 4033 uude
1258 3986 1390 4049 serpserit.

332 4055 378 4125 *Ὅ
402 4058 479 4121 Quod
501 4060 586 4114 Cobet
610 4063 729 4113 eiusdem
756 4064 844 4115 (taleni
877 4080 942 4115 usus
968 4066 1118 4117 testimonio
1143 4068 1209 4119 scite
1231 4069 1389 4133 observavit,

263 4158 324 4195 cum
350 4142 416 4194 elios
441 4146 582 4211 scriptores
602 4152 658 4198 tum
680 4148 790 4199 Dionem
810 4147 1029 4221 chrysostomum
1055 4168 1135 4218 saepe
1160 4143 1186 4202 in
1214 4152 1327 4203 codicilli
1350 4156 1392 4207 sui

263 4232 429 4297 marginibus
448 4247 502 4283 rem
521 4233 632 4284 eandem
653 4235 703 4285 elio
717 4242 794 4301 elque
813 4237 863 4288 elio
877 4238 958 4288 ruodo
971 4238 1118 4300 formasse,
1136 4241 1229 4300 postea
1245 4250 1293 4300 per
1310 4238 1392 4288 otium

264 4318 293 4369 le
312 4318 450 4390 δευτέρων
472 4318 633 4389 φροντίδων
655 4326 740 4370 utrum
758 4320 853 4373 melius
875 4329 947 4374 esset
969 4323 1174 4383 diiudicaturos,
1199 4321 1270 4372 unda
1296 4322 1392 4375 iscium

261 4422 334 4471 csse,
356 4413 384 4458 ui
402 4408 505 4460 scribae
522 4414 661 4475 utrumque
679 4412 792 4476 siquod
810 4412 836 4463 in
855 4418 925 4464 textu
943 4420 969 4464 ei
986 4413 1058 4478 quod
1076 4412 1103 4461 io
1122 4422 1167 4459 cre
1182 4410 1241 4463 libri
1259 4421 1392 4467 mareium

259 4497 343 4557 esaei,
356 4492 385 4542 in
397 4487 534 4545 contextus
546 4495 641 4545 seriem
654 4496 807 4561 reciperent,
825 4497 853 4547 id
866 4498 944 4548 eiiam
962 4496 1032 4561 apud
1041 4493 1210 4547 Plutarchum
1219 4514 1271 4552 usu
1287 4503 1396 4554 venisse

260 4595 284 4630 e.
304 4594 331 4645 g.
350 4579 377 4629 iu
398 4578 488 4649 Symp.
508 4578 545 4647 ll,
566 4580 581 4631 9
599 4597 625 4648 p.
644 4584 714 4635 lille
736 4584 762 4634 in
784 4584 873 4635 verbis
898 4581 1059 4646 ἀποδηλοῦν
1083 4584 1165 4637 εἴωθε
1183 4589 1220 4653 τῷ
1237 4590 1329 4657 λέγειν
1346 4591 1394 4639 καὶ

256 4665 381 4741 Ὅμηρος
404 4668 524 4723 ἐπὶτῶν
547 4666 694 4742 δερμάτων
716 4673 760 4723 sal
786 4670 840 4721 τῶν
857 4663 991 4736 ἱμάντων,
1017 4662 1059 4720 ὅτι
1083 4676 1169 4739 φησιν
1194 4676 1251 4726 κτλ,
1276 4672 1345 4737 ιῐὶο,
1372 4674 1397 4725 si

258 4764 368 4829 potero,
390 4758 450 4811 loco
469 4760 615 4814 ostendam.

1213 4846 1230 4899 3
