3700 5625
711 621 923 688 ...31-

219 786 272 853 0i.
297 807 325 856 ο.
351 784 435 872 ζηῖον
456 779 674 871 palnatum
702 807 743 854 ex
772 785 910 856 absurdo
939 806 1049 855 errore
1081 787 1279 859 ΤΟΩΙΟΝ,
1310 801 1384 854 om

250 892 442 977 praesemina
461 891 602 974 proclive
621 896 704 958 emet
717 899 917 975 praevertere
939 893 981 960 ad
995 893 1153 977 posterius
1173 891 1383 960 rwabulum?

341 994 381 1060 ln
401 994 513 1065 eadem
534 995 721 1080 quaestione
743 1016 772 1079 p.
794 1001 884 1066 636ο
911 1017 977 1064 non
1001 997 1093 1064 video
1121 996 1279 1082 quomodo
1298 1001 1385 1062 recte

252 1097 327 1182 quis
349 1094 437 1161 dicta
455 1094 543 1164 credi
567 1096 667 1178 possit
694 1096 790 1162 haee:
822 1089 869 1175 ὥς
891 1093 1008 1184 κάμπη
1031 1096 1157 1184 γίνεται
1178 1096 1217 1163 τὰ
1242 1100 1385 1186 πρῶτον,

250 1193 326 1268 εἶτα
355 1197 539 1288 ἐκπαγεῖσα
570 1199 627 1267 decl
658 1197 823 1292 ξηρότητα
854 1200 910 1268 sui
946 1206 1203 1293 περιρραγεῖσα,
1236 1200 1384 1290 ἕτερον

251 1302 482 1393 πτερωθὲν
509 1299 552 1372 δι’
576 1299 679 1393 αὐτῆς
705 1302 763 1392 την
784 1306 996 1393 καλουμένηνΙ
1012 1303 1120 1398 ψυχήν
1142 1305 1300 1393 μεθίησι,
1325 1305 1381 1371 τὸν

252 1401 357 1474 αὐτὸν
393 1403 521 1497 τρόπον
560 1407 708 1475 ἐνταῦθα
746 1407 999 1498 προϋφίσταται
1035 1406 1074 1475 τι)
1102 1403 1184 1496 ᾠὸν,
1220 1397 1293 1474 οἷον
1323 1404 1384 1496 ὅλη
1520 1446 1526 1458 ·

247 1517 310 1601 τῆς
339 1515 512 1601 γενέσεως,
543 1533 735 1600 quamquam
764 1513 848 1599 quod
877 1513 1144 1599 wyttenbachius
1176 1533 1236 1597 pro
1270 1512 1384 1603 ἕτερον

249 1618 420 1702 proposuit
440 1612 581 1704 ἔντιμον
602 1617 654 1686 vel
683 1613 815 1707 ἔντερον
837 1617 984 1704 equidem
1011 1637 1077 1684 non
1104 1618 1210 1684 minure
1236 1635 1384 1700 perram

249 1722 375 1790 dictum
399 1723 549 1794 arbitror.
600 1722 864 1794 Emendationem
891 1721 980 1790 locus
1005 1723 1109 1806 poscit
1136 1721 1382 1806 haudquaquam

248 1825 429 1894 difficilem:
459 1823 612 1916 ἕτερόν
641 1851 682 1894 τι
711 1827 896 1916 πτερωθέν.
954 1825 993 1892 In
1019 1826 1127 1894 codice
1155 1826 1289 1910 perinde
1316 1847 1384 1893 esse

251 1930 343 2000 videa
363 1937 472 1998 mum
493 1931 653 2000 scribatur
674 1935 713 1996 Π
724 1953 767 1998 an
787 1936 849 2010 TI,
873 1937 910 1997 ut
927 1930 1007 1998 alias
1028 1931 1139 1999 eadem
1159 1931 1313 1998 facilitate
1338 1933 1387 1993 ΤΙ

253 2039 369 2100 meum
389 2039 438 2100 est
459 2055 499 2100 ex
514 2037 550 2096 Η
566 2033 635 2122 (cfr.
650 2031 750 2102 Cobet
764 2032 829 2101 NL.
842 2053 874 2116 p.
891 2033 977 2121 387).
998 2033 1066 2102 Neo
1084 2033 1200 2100 desunt
1219 2033 1282 2101 loci
1296 2030 1383 2118 apud

250 2137 461 2206 Plutnrchum
480 2138 537 2206 ubi
558 2138 672 2204 smilis
693 2138 851 2206 medimna
871 2136 1056 2208 adhibenda
1076 2143 1131 2206 aa

340 2240 473 2326 Saepius
494 2241 615 2310 dictum
636 2248 685 2309 est
705 2247 739 2308 et
758 2263 779 2308 a
799 2263 850 2309 me
873 2247 906 2310 et
926 2242 969 2311 ab
988 2242 1061 2310 aliis
1078 2243 1243 2310 Plutarchi
1264 2243 1381 2310 cratin

248 2367 336 2426 nem,
356 2346 504 2430 inprimis
522 2346 717 2414 inviarum
738 2367 841 2430 opere,
863 2369 927 2414 non
941 2349 1054 2431 paucis
1072 2349 1249 2415 smibarum
1263 2348 1381 2415 emble

248 2453 348 2520 matis
368 2453 568 2537 inquinatam
589 2474 672 2533 esse,
694 2451 809 2520 deinde
831 2471 890 2536 per
910 2475 1053 2522 errorem
1071 2457 1108 2521 in
1127 2455 1233 2539 ipsum
1253 2459 1382 2522 aaran

249 2563 322 2623 tum
342 2559 489 2642 receptis.
533 2557 673 2627 edundi
694 2563 801 2626 autem
823 2558 919 2626 velim
938 2561 974 2626 in
990 2582 1054 2627 unc
1073 2561 1213 2628 alterove
1229 2560 1381 2646 exemplo,

249 2685 349 2752 qnam
370 2665 559 2733 festinanter
589 2685 684 2750 saepe
715 2665 794 2732 talia
815 2667 1035 2736 additamenta
1063 2667 1224 2752 adscripta
1253 2668 1380 2748 inerint

250 2791 412 2859 quamque
426 2769 660 2841 inconsiderate
677 2771 791 2841 deinde
806 2773 841 2839 in
852 2774 1036 2841 continuam
1055 2774 1232 2841 orationem
1248 2775 1380 2843 intrusa

249 2874 450 2961 Quamquam
470 2876 557 2943 illius
575 2876 831 2963 interpolationis
853 2901 952 2965 genus
974 2877 1059 2965 qnod
1080 2880 1261 2974 continetur
1275 2880 1380 2947 verbis

250 2974 294 3043 ad
315 2975 506 3059 explendam
527 2979 702 3047 cratonem
730 2978 883 3063 adpietis,
910 2980 947 3045 in
974 2979 1048 3046 aliis
1074 2980 1297 3064 scriptoribus,
1326 2982 1382 3066 qui

251 3081 378 3165 saepius
405 3086 439 3149 et
458 3082 523 3169 legi
552 3088 585 3151 et
604 3082 742 3151 describi
772 3083 934 3163 solebant,
961 3083 1070 3152 multis
1095 3084 1242 3168 partibus
1263 3090 1296 3151 et
1316 3084 1378 3153 ire

249 3186 402 3271 quentius
421 3190 455 3253 et
475 3186 627 3255 audacius
648 3192 697 3255 est
715 3209 812 3273 quam
832 3187 919 3272 apud
941 3188 1156 3255 Plutarchum.

336 3288 375 3355 In
396 3286 501 3375 Symp.
524 3290 571 3369 11,
594 3296 623 3370 5,
653 3298 666 3358 l
689 3312 719 3375 p.
746 3296 808 3360 639
822 3292 857 3371 b,
888 3291 946 3359 ubi
972 3291 1107 3378 inquirit
1129 3314 1187 3359 cur
1206 3293 1291 3359 inter
1312 3314 1378 3361 cer·

252 3392 376 3460 tamine
396 3394 575 3481 pugilatum
589 3416 714 3479 semper
728 3396 832 3481 primo
849 3398 931 3477 loco,
952 3400 1098 3483 proximo
1115 3399 1247 3478 luctam,
1267 3398 1380 3464 ultimo

248 3518 376 3565 cursum
401 3499 542 3583 posuerit
563 3498 732 3581 Homerum,
760 3501 957 3569 Menecrates
987 3500 1194 3569 mirabundus
1221 3500 1379 3569 exclamat

252 3588 280 3661 ὦ
302 3591 477 3685 Ἡράκλεις
500 3595 563 3665 ὅσα
587 3597 751 3667 λανθάνει
774 3596 878 3686 ἡμᾶς·
902 3599 932 3667 ei
954 3603 992 3667 δέ
1012 3624 1087 3668 τινα
1109 3604 1173 3667 τῶν
1194 3600 1294 3668 ἐπῶν,
1308 3598 1381 3668 ἐστι’

248 3723 307 3769 σοι
328 3702 490 3795 πρόχειρα
520 3699 703 3791 γνώμης,
737 3702 783 3791 μὴ
811 3702 990 3795 φθονήσῃς
1018 3700 1216 3795 ἀναμνῆσαι.
1259 3707 1299 3773 Ιιι
1327 3707 1380 3775 his
1406 3768 1410 3773 .

250 3824 311 3889 pro
335 3802 476 3894 γνώμης,
500 3806 585 3892 quod
602 3806 800 3873 nullomodo
816 3808 944 3875 reliquis
968 3808 1074 3876 verbis
1095 3809 1243 3895 adaptari
1264 3817 1377 3895 potest

249 3904 516 3994 Wyttenbaehius
536 3910 751 3979 infelicissime
778 3912 996 3996 reponendum
1017 3915 1141 3983 censuit
1161 3912 1294 4005 ww,
1316 3917 1380 3996 affl
1521 3949 1524 3956 ,

248 4016 286 4078 ut
297 4005 494 4095 Duebnerus,
516 4012 655 4104 γνώμης,
672 4038 744 4084 eum
757 4019 792 4083 in
808 4016 915 4085 codice
932 4019 1086 4100 Palatino,
1104 4021 1210 4087 nescio
1226 4042 1288 4106 quo
1301 4021 1379 4103 iure,

248 4119 400 4186 omissum
412 4140 480 4187 esse
495 4120 728 4204 perhiberetur,
749 4124 839 4191 mets
855 4131 1030 4209 sepserunt
1053 4126 1196 4195 thorum
1211 4127 1378 4193 conamina

246 4221 370 4289 reterre
385 4224 472 4304 nolo,
488 4246 561 4293 oum
574 4225 744 4295 faciliores
759 4228 872 4297 stiunt
885 4235 919 4297 et
935 4232 1112 4299 certissima
1126 4231 1167 4298 ad
1181 4230 1375 4314 permades-

249 4323 327 4390 dnm
349 4326 539 4394 emendandi
560 4330 625 4410 via,
654 4336 692 4396 ut
712 4336 902 4414 statuamus,
922 4334 1066 4402 codicum
1085 4335 1254 4402 lectionem
1276 4342 1378 4403 ortem

248 4442 321 4491 esse
332 4444 372 4492 ex
385 4425 534 4495 lemmate
550 4427 670 4518 γνώμη,
695 4430 780 4518 quod
796 4434 919 4504 scribae
940 4437 1123 4520 saepissime
1144 4435 1186 4502 ad
1201 4457 1290 4503 oram
1302 4438 1378 4505 libri

248 4528 424 4619 adpingere
437 4531 588 4615 solebant
610 4536 666 4602 ubi
679 4537 714 4603 in
729 4544 879 4607 conoextu
897 4542 947 4609 vel
961 4542 1085 4628 insigne
1106 4540 1235 4627 aliquod
1258 4540 1379 4611 dietum

247 4636 451 4720 canabat,
479 4644 516 4707 ut
537 4646 646 4709 nostro
668 4643 738 4710 1000
761 4636 986 4734 ὦἩράαλοις
1008 4643 1072 4711 ὅσα
1095 4644 1258 4712 λανθάνει
1281 4643 1378 4734 ἡμᾶς,

247 4740 304 4811 nai
317 4742 377 4811 ubi
396 4743 507 4813 Mem
527 4744 580 4813 rei
599 4745 754 4817 minianu
768 4748 909 4834 adquam
927 4749 1119 4845 amiantum
1139 4747 1384 4833 praediolum·
