3700 5625
727 602 939 667 -73..

264 761 325 830 τόν
346 759 554 850 Αίγύπτιον,
585 764 710 854 σοφίας
741 764 788 844 εἰς
809 759 911 855 ἀκρον
934 763 1120 852 έληλακότα
1144 758 1264 853 ἀνδρα,
1289 763 1393 833 εἰπεῖν

262 861 321 929 ὅτι
342 861 507 951 γάλακτος
526 859 620 932 cision
642 860 661 932 d
682 863 883 952 γευσάμενος
907 859 1024 953 ἀλφῶν
1047 859 1313 947 ὑποπίμπλαται
1336 866 1392 933 καί

261 969 412 1058 λέπρας·
435 972 573 1049 μισοῦσι
592 970 630 1038 δέ
652 964 717 1060 ἀρα
741 968 774 1035 οἱ
791 965 942 1035 Ἀσιανοὶ
965 966 1087 1047 πάντες
1108 965 1189 1035 τάδε
1212 969 1253 1034 τὰ
1278 966 1391 1056 auno.

261 1075 306 1138 In
325 1077 468 1157 proxime
488 1076 692 1160 sequentibus
710 1076 805 1142 hodic
831 1075 1003 1140 consultius
1022 1075 1102 1140 mihi
1122 1074 1263 1140 facturus
1284 1075 1392 1142 videor

262 1181 296 1244 si
322 1181 521 1264 acquiescam
540 1183 575 1246 in
594 1181 739 1247 codicum
758 1181 909 1258 lectione,
939 1201 1035 1264 quam
1057 1180 1084 1245 si
1105 1181 1208 1245 denuo
1233 1200 1388 1247 commen·

263 1280 354 1359 dem,
381 1283 466 1367 quod
494 1285 571 1350 olim
599 1285 794 1351 conieceram
821 1285 858 1348 in
878 1284 1005 1362 Quaest.
1026 1284 1108 1348 Plut.
1129 1283 1162 1348 11
1188 1304 1218 1366 p.
1242 1286 1309 1352 24*
1339 1280 1393 1350 ὅτι

262 1376 445 1462 μάλισθ’
468 1381 501 1450 οἱ
520 1381 690 1473 βάρβαροι
710 1387 783 1469 τῆς
812 1380 1005 1459 ἐπιλευκίας
1032 1382 1090 1449 καὶ
1111 1385 1239 1473 λέπρας
1270 1385 1384 1464 δυσχε-

261 1479 420 1571 ραίνουσι
454 1483 664 1573 προσβολήν,
702 1486 736 1550 in
763 1486 879 1570 quibus
907 1489 1035 1567 praeter
1069 1485 1133 1550 alia
1164 1507 1245 1569 quae
1272 1487 1393 1553 intacta

260 1589 446 1673 relinquere
472 1586 646 1656 debueram
672 1592 768 1673 paulo
793 1591 888 1656 citius
916 1594 1002 1656 certe
1029 1611 1049 1656 a
1075 1613 1127 1656 me
1154 1591 1266 1656 elisum
1294 1589 1393 1658 csta

260 1697 297 1760 in
320 1695 469 1780 μάλιστα
492 1693 534 1762 ci.
580 1698 738 1764 Nimirum
757 1702 831 1764 ante
851 1698 1082 1782 Lahmeyerum
1104 1695 1157 1782 (de
1177 1697 1305 1782 malign.
1325 1699 1388 1764 He·

262 1802 371 1867 rodoti
392 1823 423 1884 p.
437 1804 491 1888 86)
512 1824 616 1886 neque
638 1804 695 1869 abs
715 1825 766 1868 me
785 1803 847 1868 fuit
867 1801 1126 1880 animadversum,
1149 1823 1251 1886 neque
1272 1825 1293 1868 a
1305 1804 1387 1868 Ben-

262 1910 374 1987 selern,
396 1931 499 1994 neque
520 1932 540 1975 a
559 1909 698 1989 Sinteni‚
719 1911 775 1994 qui
796 1911 917 1993 primus
939 1909 1080 1976 saniores
1101 1912 1165 1974 τῶν
1188 1909 1388 1996 φωνηέντων

263 2007 497 2098 συγκρούσεως
517 2011 602 2094 apud
620 2012 825 2077 Plutarchum
846 2010 1006 2076 scribebat
1022 2010 1123 2095 leges,
1145 2031 1247 2094 neque
1271 2031 1291 2075 a
1311 2030 1386 2093 quc-

260 2135 360 2196 quam
382 2114 461 2192 alic,
488 2117 712 2198 adspirationem
739 2117 779 2179 ad
797 2118 929 2181 λινιονιοι
957 2119 1072 2180 biotam
1092 2118 1173 2199 apud
1193 2118 1388 2180 Plutarchum

264 2216 363 2278 cidari
377 2216 520 2296 sufficere.
546 2214 675 2280 Etenim
689 2237 785 2298 quam
804 2215 899 2280 aliam
914 2237 1041 2280 causam
1056 2215 1195 2280 dicemus
1212 2235 1286 2292 esse,
1305 2215 1390 2298 quod

257 2317 337 2382 libri
355 2317 564 2399 manuscripti
577 2323 702 2382 tantum
722 2338 786 2382 non
800 2318 917 2400 ubique
939 2322 1013 2383 ante
1029 2317 1169 2382 vocalem
1191 2316 1387 2398 adspiratam

261 2419 302 2486 δέ
323 2421 521 2502 potissimum
542 2421 717 2503 particulae
738 2421 865 2503 plenam
885 2421 1098 2488 concesserint
1118 2421 1266 2498 vocalem,
1286 2421 1386 2486 veluti

258 2523 370 2588 uthis
393 2528 467 2589 utar
488 2524 688 2590 catervatim:
718 2525 755 2591 δέ
776 2518 810 2602 ὁ,
835 2524 872 2590 δέ
894 2524 943 2604 ολ,
968 2523 1004 2590 δὲ
1025 2517 1061 2611 ἡ,
1083 2523 1119 2590 δέ
1142 2521 1238 2604 ὅταν,
1264 2524 1301 2590 δὲ
1324 2521 1387 2606 ὅτι,
1416 2591 1423 2606 ,

161 2689 170 2712 ‚
258 2627 299 2692 δέ
320 2623 384 2705 ὠς,
409 2627 446 2693 δέ
469 2624 592 2707 οὕτως,
616 2627 653 2694 δὲ
673 2625 803 2715 ὥσπερ,
826 2629 862 2695 δέ
883 2623 970 2708 ὑπό,
996 2627 1033 2696 δέ
1051 2623 1153 2718 ὑπέρ,
1175 2629 1211 2694 δὲ
1232 2626 1330 2710 ὅλοις,
1352 2630 1389 2696 δέ

255 2728 361 2820 ἡμῶν,
387 2731 423 2797 δέ
444 2729 572 2813 ἱκανῶς,
594 2733 631 2800 δέ
653 2733 807 2813 ἕκαστον,
832 2734 869 2800 δέ
891 2729 980 2820 ἡδύν,
1005 2734 1041 2800 δέ
1064 2729 1145 2822 ἁφή,
1168 2734 1204 2827 δέ
1227 2732 1321 2815 ἅλας,
1349 2737 1386 2802 δέ

256 2834 372 2926 ὑπῄει,
398 2838 436 2904 δέ
457 2835 592 2920 ὅμοιον,
619 2839 656 2905 δέ
677 2835 832 2928 ὕστερον,
862 2834 939 2906 οὐδὲ
969 2833 1004 2919 ὃ,
1028 2835 1105 2905 οὐδέ
1134 2832 1170 2925 ἡ,
1197 2833 1275 2905 οὐδὲ
1297 2837 1387 2905 ἱστό-

257 2966 370 3030 ρηται,
388 2936 466 3008 οὐδὲ
480 2938 620 3029 αἱρετόν,
637 2937 714 3008 οὐδέ
728 2938 823 3020 ίίλιος,
838 2942 922 3028 μηδὲ
938 2940 1108 3027 ἅψασθαι,
1119 2942 1169 3007 vel
1185 2966 1218 3006 ιι
1233 2942 1387 3009 intactam

255 3046 449 3129 reliquerint
467 3047 502 3110 in
521 3046 572 3110 his
595 3040 669 3111 οίίτε
692 3041 788 3131 ἡμᾶς,
811 3038 887 3111 aiios
909 3040 972 3125 ιῦς,
994 3043 1077 3134 μήτε
1100 3040 1222 3135 ἡλικίᾳ,
1246 3042 1332 3113 diam
1357 3042 1385 3125 ὁ,

256 3143 344 3214 ὥστε
360 3137 421 3226 οἷς,
442 3143 532 3212 ὥστε,
549 3136 660 3234 ἧττον,
684 3144 770 3212 ὥστε
792 3145 835 3223 ἓν,
858 3146 943 3231 qnod
958 3150 1287 3230 porroconposuerint
1310 3141 1378 3213 οὔτ’
1451 3230 1452 3235 ¹

258 3246 454 3335 αἰσθήσεως
467 3243 542 3315 οὔτε
556 3244 658 3339 ὁρμῆς
669 3250 774 3335 Symp.
785 3270 815 3333 p.
824 3252 917 3330 esna,
932 3243 999 3316 οὔτ’
1012 3246 1116 3316 αἰτεῖν
1130 3242 1204 3315 σι’ίιε
1217 3246 1303 3327 ὅλοις
1319 3275 1386 3315 πα-

259 3353 418 3441 ρακαλεῖν
433 3374 463 3436 p.
474 3354 575 3432 wsb,
592 3348 668 3419 cliro
683 3352 805 3431 ὕδατος
822 3346 888 3419 οὔτ’
907 3348 1010 3418 ἀλλον
1029 3374 1060 3436 p.
1073 3359 1134 3421 696
1144 3355 1172 3431 d,
1189 3347 1255 3418 οὔτ’
1271 3347 1388 3431 ἀλκαῖς

261 3450 339 3521 oilae
362 3451 550 3540 ὑπομοναῖς
573 3451 649 3523 aiios
673 3452 787 3544 ἡλικίᾳ
806 3458 921 3523 Anton.
944 3463 995 3525 43.
1018 3462 1051 3524 et
1072 3478 1154 3541 quae
1176 3462 1250 3521 suut
1270 3457 1387 3523 similia

258 3562 400 3644 plurima
425 3563 476 3628 vel
504 3563 645 3629 eiusdem
673 3571 730 3631 aut
755 3571 840 3632 certe
869 3564 1041 3648 propinqui
1080 3564 1205 3649 generis
1233 3565 1384 3647 exempla,

256 3689 330 3732 cnm
350 3669 510 3733 constanti
530 3669 597 3736 fere
619 3675 730 3736 contra
748 3692 809 3736 usu
829 3671 990 3737 dederint:
1022 3664 1051 3734 δ’
1075 3668 1125 3748 έν,
1148 3664 1176 3735 δ’
1200 3668 1252 3749 ἐξ,
1278 3664 1306 3735 δ’
1327 3668 1383 3750 είς,

256 3765 288 3834 d'
313 3766 370 3848 οὗ,
394 3764 424 3836 δ’
446 3763 494 3850 ἀν,
523 3766 553 3838 δ’
578 3767 665 3854 ἀπό,
693 3769 724 3841 d'
748 3769 838 3854 ἀντί,
869 3770 898 3841 d'
919 3768 1037 3855 ἀλλων,
1071 3770 1099 3841 d'
1124 3770 1241 3857 αὐτῶν,
1266 3774 1294 3843 d’
1318 3770 1384 3859 οὖν,

255 3871 287 3938 d'
305 3872 382 3954 οἴει,
407 3869 476 3942 οὐδ’
500 3871 652 3965 ἀκρίτως,
677 3873 747 3945 οὐδ’
768 3878 971 3968 ἐλευθέριον,
995 3878 1072 3967 μηδ’
1096 3878 1220 3963 ἰχθύσι,
1245 3879 1322 3969 μηδ’
1340 3881 1383 3961 έν,

255 3971 284 4040 ι’
302 3969 355 4057 αὖ,
380 3972 408 4042 τ’
425 3970 514 4058 ὄντα,
538 3974 566 4043 τ’
584 3972 650 4059 οὖν,
675 3974 744 4047 ciia’
766 3976 945 4069 ἀφελόντα,
961 3979 1038 4049 ὥστ’
1062 3979 1122 4051 οὐκ
1144 3991 1210 4064 etc,
1230 3986 1280 4052 vel
1300 3986 1384 4069 quod

255 4069 447 4149 {ebroanc
466 4084 502 4147 in
522 4085 572 4150 his
596 4078 653 4151 εἶτ’
675 4083 748 4166 έπί,
770 4080 827 4153 εἶτ’
851 4081 934 4177 ἀρα,
960 4081 1017 4154 εἶτ’
1041 4082 1300 4172 ὀνειδιζόμενος,
1325 4082 1383 4154 εἶτ’

254 4183 385 4266 αἰτίαν,
407 4180 498 4251 ταῦτ’
520 4185 690 4271 εἰπόν-τος,
718 4214 909 4276 quamquam
938 4198 967 4276 ρ,
991 4198 1086 4260 esra
1110 4192 1254 4277 volgatur
1279 4194 1383 4257 ταῦτα

252 4286 427 4370 εἰπόντος,
457 4285 528 4357 ἀλλ
552 4285 638 4374 ἀπό,
668 4288 740 4360 ἀλλ’
771 4288 854 4361 ἀττα
877 4301 949 4376 etc,
968 4297 1158 4363 retinuerint
1184 4297 1219 4360 iu
1243 4287 1314 4361 εἶτα
1339 4293 1381 4376 oi,

254 4388 328 4486 εἶρα
349 4392 439 4473 ὅταν,
459 4388 530 4460 εἶτα
548 4386 613 4484 ἧκε,
637 4403 740 4464 ταῦτα
763 4398 968 4490 ἱστοροῦντα,
994 4397 1078 4466 ἀλλά
1098 4392 1164 4467 εἷλε
1179 4403 1318 4469 Demetr.
1334 4410 1383 4482 40,

254 4489 323 4585 ἆρα
350 4491 428 4583 ἡμῖν
450 4499 528 4565 Mor.
555 4522 587 4583 p.
613 4509 716 4582 ltla,
735 4498 853 4569 ἔπειτα
884 4500 903 4569 ὁ
934 4526 963 4587 p.
986 4510 1091 4583 7420,
1116 4496 1186 4571 εἶτα
1216 4500 1379 4585 ὑπειπών,

252 4596 341 4668 ἀλλά
355 4594 412 4683 εἷς,
437 4598 523 4670 ἀλλὰ
536 4600 566 4692 ἦ,
588 4600 674 4673 ἀλλὰ
684 4602 712 4686 ὁ,
737 4603 823 4673 ἀλλὰ
846 4605 976 4696 ἑτέραις
988 4629 1017 4691 p.
1030 4613 1121 4675 718a
1142 4608 1235 4696 (conl.
1248 4631 1278 4691 p.
1291 4608 1380 4675 6861)

250 4702 310 4767 ubi
323 4707 435 4771 contra
452 4704 596 4790 regulam
616 4706 765 4773 scribitur
787 4700 858 4772 ἀλλ’
876 4703 989 4797 ἕτερον
1011 4701 1070 4773 οὐκ
1086 4702 1248 4792 ἔλαττον),
1272 4700 1382 4772 πάντα

1342 5024 1492 5302 [⁴
