3700 5625
930 593 1119 656 ..9-

461 764 498 826 ut
524 760 699 846 largiamur
727 759 807 826 haec
836 779 925 826 nram
956 780 1014 824 suo
1041 758 1111 824 loco
1141 758 1276 824 lomasse
1306 757 1424 837 habere
1456 756 1615 832 veniam,

461 870 569 930 tamen
594 885 667 928 cum
693 863 805 930 eadem
825 863 923 950 rerba
944 863 1153 929 certissimam
1173 863 1209 928 in
1229 862 1334 928 fronte
1360 862 1452 946 quasi
1475 865 1615 947 gerant

462 969 658 1050 corruptelae
674 973 797 1049 notam,
818 967 973 1050 ampliore
987 966 1210 1034 abstinendum
1224 966 1351 1032 ridetur
1366 965 1611 1048 disputatione,

461 1070 717 1158 quandoquidem
734 1071 762 1136 si
776 1070 873 1136 semel
885 1071 1015 1136 inventa
1029 1070 1126 1136 bremt
1140 1071 1317 1152 probabilis
1332 1069 1612 1152 praecedentium

462 1178 629 1244 verborum
643 1176 827 1258 explicatio,
850 1177 950 1241 tutior
971 1177 1070 1242 etiam
1088 1176 1194 1241 hiatus
1214 1175 1398 1242 removendi
1418 1175 1608 1257 temptabi-

461 1287 515 1346 tur
535 1282 595 1346 ria.
638 1280 779 1363 Eamque
801 1279 904 1361 ipsam
925 1279 960 1345 in
982 1280 1066 1344 viam
1086 1300 1144 1344 nos
1169 1278 1259 1344 ducit
1278 1279 1473 1357 Macrobius,
1501 1278 1606 1343 lucu-

461 1386 566 1452 lentus
587 1386 622 1449 in
644 1384 694 1450 his
715 1384 856 1450 tenebris
878 1382 956 1462 dux,
988 1407 1009 1450 a
1036 1405 1098 1468 quo
1126 1384 1252 1450 eosdem
1275 1407 1347 1450 cum
1366 1384 1539 1450 Plutarcho
1564 1384 1608 1448 in

462 1491 524 1556 hac
551 1493 643 1572 parte
666 1488 827 1554 adhibitos
846 1489 949 1556 videri
979 1494 1124 1556 auctores
1154 1510 1251 1571 supra
1278 1490 1375 1556 verbo
1404 1489 1606 1554 monuimus.

462 1596 659 1678 Quamquam
679 1615 752 1660 eum
771 1593 936 1661 fatendum
958 1599 1091 1658 estnon
1112 1593 1160 1658 ita
1178 1591 1308 1677 quidem
1329 1592 1470 1675 pendere
1488 1592 1603 1658 afon-

463 1701 544 1766 tium
565 1698 767 1776 auctoritate,
798 1697 854 1782 qui
875 1718 941 1762 non
961 1697 995 1760 in
1022 1696 1119 1762 rebus
1141 1694 1350 1772 secundariis,
1378 1693 1477 1759 veluti
1498 1693 1536 1758 in
1559 1715 1608 1758 ea

462 1804 554 1882 parte
574 1820 655 1882 quae
677 1800 727 1864 est
749 1795 789 1863 de
811 1796 905 1863 modo
932 1795 1015 1862 talos
1045 1795 1198 1873 iaciendi,
1228 1816 1285 1860 suo
1310 1796 1470 1861 arbitratu
1490 1795 1603 1859 varia-

463 1905 556 1982 verit,
578 1901 834 1988 quandoquidem
847 1903 915 1968 veri
936 1901 1088 1966 similiore
1109 1899 1296 1966 narratione
1317 1899 1472 1984 maiorem
1494 1898 1605 1964 etiam

462 2009 589 2076 fabulae
622 2007 690 2073 veri
722 2005 860 2088 speciem
892 2027 925 2072 se
957 2010 1204 2087 comparaturum
1236 2003 1395 2086 sperabat.
1447 2001 1479 2068 is
1507 2003 1605 2068 enim

464 2112 504 2177 de
530 2110 591 2174 hac
613 2131 648 2175 re
669 2109 717 2174 ita
738 2108 869 2190 exponit
895 2108 916 2176 l.
938 2107 974 2173 l:
1007 2108 1116 2173 ferunt
1143 2113 1296 2192 regnante
1317 2107 1405 2173 Anco
1425 2106 1598 2174 aedituum

463 2213 611 2282 Herculis
639 2235 698 2296 per
724 2212 820 2279 ferias
850 2212 1004 2278 otiantem
1033 2213 1128 2279 deum
1155 2217 1284 2280 tesseris
1311 2233 1497 2294 provocasse
1521 2211 1600 2294 ipso

463 2322 626 2407 utriusque
653 2342 783 2400 manum
812 2325 936 2398 tuente,
963 2319 1089 2387 adiecta
1107 2319 1306 2398 condicione,
1334 2324 1372 2384 ut
1391 2319 1493 2384 victus
1513 2338 1601 2382 oeno.

329 2447 332 2452 '
463 2435 629 2513 scortoque
650 2429 848 2494 multaretur.
899 2426 1030 2492 Victore
1058 2427 1166 2510 itaque
1195 2426 1333 2492 Hercule
1361 2424 1453 2490 illum
1474 2424 1599 2489 Accam

432 2583 434 2590 ,
464 2531 660 2608 Larentiam,
688 2529 920 2596 nobilissimum
947 2530 983 2594 id
1010 2531 1163 2612 temporis
1191 2533 1341 2607 scortum,
1373 2530 1460 2594 intra
1480 2527 1597 2594 aedem

466 2638 619 2698 inclamare
648 2655 714 2697 cum
744 2656 812 2698 cerro
840 2653 973 2717 eamque
1000 2639 1127 2716 postero
1155 2632 1208 2698 die
1237 2630 1399 2697 distulisse
1426 2652 1597 2709 numerem,

464 2735 549 2823 quod
570 2741 643 2821 post
663 2737 865 2803 concubitum
891 2736 945 2803 dei
972 2737 1147 2821 accepisset
1175 2757 1303 2817 munus,
1331 2759 1372 2802 ne
1395 2735 1595 2802 commodum

464 2838 586 2923 primae
600 2838 785 2917 occasionis,
807 2860 879 2905 oum
901 2860 935 2904 se
947 2838 1076 2905 domum
1090 2839 1259 2921 reciperet,
1283 2837 1462 2904 offerendae
1483 2858 1592 2919 asper-

465 2944 601 3007 naretur.
644 2940 792 3006 Evenisse
818 2940 940 3023 itaque,
977 2945 1014 3005 ut
1036 2962 1163 3025 egressa
1184 2939 1303 3023 templo
1327 2959 1401 3003 mox
1421 2960 1443 3005 a
1464 2936 1595 3003 Garutio

465 3051 558 3127 capto
580 3046 647 3111 eius
668 3044 905 3127 pulchritudine
928 3047 1178 3128 compellaretur:
1213 3045 1301 3110 ouius
1327 3044 1523 3111 voluntatem
1542 3066 1590 3111 se·

466 3154 540 3215 outa
560 3148 788 3233 adsumptaque
810 3150 931 3231 nuptiis
956 3155 1029 3232 post
1050 3150 1173 3215 obitum
1193 3149 1255 3215 riri
1276 3150 1418 3215 omnium
1437 3150 1594 3216 bonorum

466 3254 533 3322 eius
554 3252 640 3319 iacta
658 3273 798 3334 compos,
821 3274 892 3317 oum
912 3250 1094 3331 decederet,
1114 3253 1267 3336 populum
1280 3254 1457 3319 Romanum
1472 3274 1590 3317 nuncu-

465 3355 553 3439 pavit
574 3351 732 3421 heredem.
769 3353 812 3419 Et
832 3352 905 3419 ideo
926 3352 968 3419 ab
983 3353 1071 3419 Anco
1084 3355 1119 3418 in
1134 3353 1274 3420 Velabro
1294 3354 1363 3421 loco
1386 3354 1592 3421 celeberrimo

465 3456 553 3523 urbis
564 3455 688 3538 sepulta
700 3458 756 3532 est
772 3474 809 3519 ao
824 3452 977 3519 sollemne
991 3453 1181 3519 sacrificium
1197 3453 1301 3521 eidem
1312 3454 1519 3519 constitutum
1532 3459 1589 3519 eto.

467 3556 519 3621 Sic
538 3558 607 3622 ille:
631 3557 747 3623 addam
767 3577 826 3643 ego
841 3556 902 3621 hoo
920 3560 1057 3636 tantum,
1075 3558 1239 3643 aliquanto
1260 3557 1332 3641 plus
1353 3579 1450 3641 quam
1468 3558 1586 3624 Macro-

467 3661 555 3726 bium
576 3659 760 3740 simpliciori
790 3661 927 3753 fabulae
946 3661 1066 3727 formae
1089 3661 1227 3727 obfuisse
1249 3660 1279 3725 S.
1299 3660 1464 3725 Aurelium
1484 3659 1585 3745 Augu-

467 3762 596 3837 stinrun,
618 3760 736 3843 quippe
756 3763 1003 3847 philosophandi
1021 3764 1149 3847 pruritu
1166 3763 1384 3848 lectorumque
1397 3764 1584 3849 indignatio-

465 3885 539 3929 nem
556 3860 702 3929 movendi
725 3865 829 3930 studio
849 3867 1040 3934 mirabiliter
1061 3866 1278 3943 obcaecatum,
1300 3872 1337 3931 ut
1358 3867 1415 3951 qui
1435 3889 1588 3952 nusquam

466 3971 529 4037 nisi
549 3992 622 4035 cum
643 3970 774 4035 horrore
795 3971 932 4053 quodam
952 3957 995 4039 ad
1016 3972 1172 4039 eiusmodi
1193 3971 1374 4039 fabularum
1395 3972 1588 4042 descenderit

466 4076 702 4169 mentionem*).
739 4074 929 4159 ceteroquin
943 4078 1104 4160 conspirat
1122 4078 1151 4143 is
1172 4098 1244 4143 cum
1262 4079 1425 4147 Macrobio
1439 4081 1475 4145 in
1490 4082 1585 4147 omni·

537 4278 563 4341 *l
589 4281 648 4335 Non
669 4280 815 4335 admodum
839 4280 962 4347 religiose
981 4280 1144 4336 Christianos
1168 4286 1309 4352 scriptores
1332 4286 1464 4341 eiusmodi
1492 4286 1586 4341 tabulas

410 4412 414 4417 .
468 4367 562 4419 reterre
580 4370 673 4423 solitos
691 4387 766 4436 esse,
785 4370 875 4423 multis
892 4372 1019 4438 exemplis
1039 4374 1227 4428 demonstravit
1245 4374 1448 4428 Schoemonnus
1466 4377 1501 4427 de
1517 4379 1585 4443 poesi

467 4453 627 4519 theogonica
651 4458 808 4511 Graecorum
828 4474 854 4525 p.
873 4459 951 4510 13=
963 4458 1059 4525 Opuso.
1078 4460 1114 4525 ll,
1136 4463 1182 4526 14,
1204 4464 1245 4517 20.
1282 4462 1340 4513 Alia
1356 4464 1476 4513 ciusdem
1490 4464 1586 4529 generis

466 4540 675 4607 interpolationis
699 4547 821 4613 contagia
844 4543 1035 4597 monachorum
1058 4546 1136 4613 culpa
1154 4546 1235 4613 longe
1252 4548 1357 4612 lateque
1382 4548 1512 4613 serpsisse
1531 4562 1585 4599 cum

467 4635 493 4684 in
511 4632 569 4685 aliis
587 4636 706 4683 veterum
728 4636 846 4701 scriptis,
871 4641 927 4693 tum
952 4636 1021 4702 apud
1046 4636 1215 4689 Plutarchum
1237 4642 1300 4703 post
1319 4636 1426 4690 Dorvill.
1447 4638 1481 4689 ad
1498 4636 1585 4691 charit

466 4732 492 4783 p.
504 4719 554 4772 316
572 4718 612 4782 L,
631 4731 709 4785 quem
726 4718 856 4787 adlegavit
872 4721 984 4777 Lobcok
1000 4721 1130 4791 Aglaoplr.
1148 4739 1174 4790 p.
1192 4724 1253 4789 525,
1273 4720 1357 4778 Cobet
1372 4722 1427 4777 VL.
1440 4740 1467 4791 p.
1481 4725 1529 4776 211
1541 4739 1587 4791 sq,
