3700 5625
641 653 643 658 ·
711 629 925 700 -u-

258 821 353 868 causa
376 797 490 866 eadem
509 795 639 864 dicendi
659 796 783 864 ratione
803 795 855 863 bis
875 797 925 862 uti
946 796 1103 880 noluerit3
1123 796 1297 884 wdemque
1315 797 1386 868 iure
1457 831 1463 840 ·

257 907 336 974 Ptol
349 905 453 988 Heph.
470 903 557 987 apud
567 903 658 968 Phoe
670 903 748 968 bibl
764 901 830 968 cod
852 908 910 970 190
923 923 955 986 p.
968 902 1118 990 reabse
1130 902 1260 986 scripsit
1268 895 1383 990 Ἑλένη

258 1007 346 1098 πρὸς
369 1003 550 1072 Βούπαλον
573 1009 793 1094 πορευθεῖσα.
835 1005 930 1088 Apud
951 1005 1154 1088 Procopium,
1174 1011 1212 1070 ut
1232 1004 1387 1090 sequioris

257 1114 356 1180 ctiam
376 1113 492 1180 aetatis
509 1117 677 1177 auctorum
696 1109 753 1176 fiat
766 1110 894 1188 mentio,
916 1111 1049 1196 φοιτᾶν,
1072 1103 1234 1197 ἔρχεσθαι
1253 1116 1288 1176 ct
1304 1129 1387 1194 quae

260 1223 335 1286 sunt
355 1219 420 1284 alia
440 1217 589 1282 motionis
609 1214 824 1301 significativa
845 1215 977 1298 propria
995 1235 1054 1280 sua
1071 1218 1229 1297 potestate
1249 1235 1389 1293 -nam
1513 1291 1518 1298 ¹

256 1317 391 1402 figurate
407 1315 528 1382 dictum
542 1337 698 1400 nusquam
710 1313 918 1396 reperitur-
929 1313 1115 1398 plerumque
1129 1320 1301 1380 occurrunt
1314 1335 1387 1380 cum

257 1420 353 1508 ,ιαρά
377 1428 414 1488 ut
435 1424 464 1489 a.
486 1445 515 1508 g.
536 1443 566 1505 p.
584 1426 652 1500 ονε,
676 1426 712 1487 11
737 1440 769 1502 p.
791 1424 862 1496 εον,
888 1425 901 1486 1
924 1439 956 1501 p.
976 1422 1047 1496 ase,
1073 1424 1112 1486 10
1131 1439 1163 1502 p.
1183 1423 1255 1498 est,
1277 1424 1297 1486 a
1318 1425 1388 1498 eu,

254 1525 341 1609 apud
354 1525 482 1592 Annam
499 1525 611 1591 eodem
628 1543 724 1590 sensu
738 1523 861 1609 φοιτᾶν
876 1523 1078 1607 coniungitur
1093 1543 1166 1588 cum
1186 1519 1274 1610 πρός
1289 1523 1388 1591 veluti

255 1655 286 1717 p.
310 1640 390 1712 204,
414 1641 427 1701 1
453 1633 541 1700 alias
585 1633 636 1698 Ex
657 1631 730 1698 aliis
756 1632 949 1699 senescentis
974 1631 1160 1716 graecitatis
1180 1632 1388 1716 scriptoribus

256 1738 340 1804 nihil
367 1739 403 1804 in
430 1742 580 1821 promptu
609 1741 658 1802 est
684 1757 781 1820 quam
807 1735 902 1802 Leon.
923 1735 1062 1801 Diacon,
1091 1755 1122 1818 p.
1145 1737 1203 1813 86,
1235 1739 1273 1804 1³
1301 1735 1387 1825 πρὸς

253 1840 313 1911 cdv
322 1839 554 1934 αὐτονράτορα
571 1836 815 1929 εἰσφοιεὴοασα
826 1834 860 1928 (ἡ
872 1837 1019 1926 ductile)
1033 1845 1067 1907 st
1080 1840 1193 1909 char,
1204 1839 1318 1906 Annnl
1328 1839 1386 1918 III,

258 1955 297 2017 12
320 1971 351 2033 p.
372 1955 450 2028 251,
481 1954 518 2014 15
551 1950 669 2013 πεῖσον
693 1943 751 2034 τὴν
777 1949 915 2033 γυναῖκα
943 1947 1006 2012 τοῦ
1031 1945 1145 2012 ἐλθεῖν
1171 1943 1257 2034 πρὸς
1286 1939 1383 2034 ἡμᾶς,

255 2054 375 2139 quibus
392 2053 581 2138 subiungam
602 2049 632 2117 S.
654 2049 812 2136 chrysost
834 2050 874 2116 de
896 2049 925 2116 S.
947 2049 1071 2135 Babyla
1090 2071 1121 2134 p.
1140 2054 1218 2127 246,
1238 2055 1280 2118 50
1302 2047 1387 2138 πρὸς

254 2153 360 2246 αὐτὴν
376 2153 607 2245 (Ἀφροδίτην)
622 2152 787 2222 εἰσελθεῖν
804 2176 908 2242 φασιν
923 2149 1127 2242 Ἥφαιστον,
1145 2175 1205 2220 nec
1221 2158 1330 2220 nmen
1345 2175 1386 2220 ne

254 2263 344 2348 sprrd
360 2265 419 2330 hos
433 2264 562 2349 quidem
574 2263 635 2328 hcc
655 2261 702 2327 ita
718 2259 924 2344 pertinaciter
937 2259 1065 2338 haeret,
1085 2263 1123 2324 ut
1136 2256 1238 2325 altero
1252 2278 1382 2342 prorsus

254 2366 481 2434 abstinuerint.
516 2365 603 2446 Quae
625 2387 698 2431 cum
718 2365 766 2430 ita
785 2363 850 2430 sint
866 2385 936 2430 rem
956 2363 1021 2428 ism
1042 2384 1080 2430 ec
1099 2363 1191 2430 nobis
1212 2362 1384 2430 adduxisse

255 2469 411 2547 videmur,
431 2473 468 2534 ut
482 2468 605 2554 φοιτᾶν
626 2461 721 2553 παρά
742 2491 816 2532 τινα
832 2467 871 2534 de
886 2467 1112 2535 consuetudine
1131 2489 1267 2536 venerea
1280 2467 1389 2552 paullo

253 2576 454 2661 frequentius
474 2575 570 2642 fuisse
590 2574 802 2660 intellegatur,
824 2595 919 2660 quam
940 2596 979 2662 φ.
1000 2570 1087 2665 πρός
1101 2597 1186 2654 reru,
1205 2575 1253 2641 ita
1269 2580 1386 2654 umen,

253 2685 372 2746 utnon
387 2679 485 2746 semel
504 2677 590 2761 apud
603 2699 712 2744 omnes
733 2675 875 2743 omnium
896 2681 1038 2743 aetatum
1058 2675 1230 2759 scriptores
1248 2676 1385 2744 alterum

253 2777 290 2843 in
318 2776 451 2845 alterius
477 2777 578 2845 vicem
605 2777 648 2845 sit
671 2776 885 2845 substitutum.
928 2777 981 2845 lta
1008 2776 1046 2844 fit·
1069 2782 1107 2843 ut
1137 2779 1185 2847 rei
1212 2799 1335 2847 summa
1365 2801 1387 2847 a

253 2883 402 2950 codicum
421 2883 490 2950 fere
510 2884 649 2967 pendeat
668 2883 865 2962 auctoritate,
885 2884 942 2970 qui
962 2884 990 2949 si
1011 2882 1166 2950 dimicant
1184 2884 1271 2950 inter
1293 2881 1385 2972 πρός

255 2993 293 3054 et
317 2984 421 3075 παρά,
444 2986 581 3055 liberum
601 2987 667 3055 fere
688 2993 745 3066 eet,
767 2987 802 3053 in
822 3008 919 3071 quam
939 2987 1075 3073 quisque
1096 2986 1289 3055 descendere
1309 2986 1387 3053 velit

254 3092 391 3171 partem.

324 3191 445 3258 ‘Nemo
465 3192 567 3258 nescit
588 3214 609 3257 a
627 3191 798 3258 Plutarcho
820 3191 954 3277 aliisque
970 3190 1111 3260 eiusdem
1130 3198 1235 3262 sectae
1252 3193 1383 3278 scripto-

254 3295 348 3361 ribus
369 3295 522 3374 Lucieno,
545 3295 650 3361 Dione
669 3293 890 3380 Chryscstcmo
912 3295 998 3376 aliis,
1026 3316 1130 3363 craece
1151 3296 1267 3381 quibus
1288 3297 1386 3365 Attici

254 3402 413 3481 perpetuo
435 3397 615 3475 utebantur,
637 3396 734 3461 recoli
757 3399 886 3479 coeptas
907 3416 988 3476 esse,
1010 3396 1089 3464 adeo
1109 3403 1146 3463 ut
1160 3397 1237 3464 licet
1252 3418 1385 3483 magnus

252 3522 333 3569 sans
363 3523 473 3569 earum
502 3523 650 3567 numerus
678 3500 852 3568 effloruerit
880 3500 966 3585 apud
995 3502 1080 3583 illos,
1109 3504 1249 3586 potiores
1277 3508 1385 3571 tumen

253 3605 430 3675 secundum
451 3604 548 3673 fixam
567 3605 727 3692 quandam
744 3606 888 3692 regulam
908 3606 1028 3690 passim
1043 3610 1217 3672 recurrant.
1262 3607 1332 3687 Qus
1345 3606 1385 3675 dc

231 3736 293 3789 ,rs
312 3712 458 3797 pluribus
477 3735 498 3779 a
518 3735 569 3779 me
590 3713 768 3795 expositum
790 3718 839 3779 est
856 3714 891 3778 in
910 3712 1036 3792 Qusest
1059 3713 1140 3781 Plut
1157 3712 1208 3779 ΠΙ
1224 3734 1254 3797 p.
1274 3720 1313 3783 51
1331 3738 1385 3803 sq,

254 3819 392 3885 sonasse
413 3839 477 3884 non
498 3817 682 3897 infeliciter,
713 3838 906 3904 quamquem
934 3818 1073 3903 ingenue
1093 3817 1308 3886 confitendum
1329 3826 1386 3901 est,

255 3919 415 4007 quidquid
443 3920 632 4004 profecerim
664 3922 816 4006 pusillum
848 3922 951 3987 videri
983 3943 1061 4005 prae
1093 3945 1130 3990 eo
1162 3924 1247 4009 quod
1276 3930 1385 3994 restat.
1438 3954 1443 3964 ·

256 4030 365 4115 Atque
381 4030 416 4094 in
431 4028 543 4095 eadem
558 4051 659 4112 paene
674 4030 714 4097 dc
729 4028 899 4097 Plutarcho
913 4030 1006 4099 video
1028 4053 1095 4099 esse
1113 4031 1271 4098 sententia
1286 4031 1383 4099 (lobe-

254 4140 327 4197 tum
340 4132 456 4199 Mnem.
472 4135 552 4199 1862
564 4153 594 4215 p.
608 4136 677 4211 335,
699 4155 892 4218 quamquam
913 4154 978 4199 non
991 4138 1116 4200 tantem
1130 4130 1276 4217 equidem
1291 4132 1385 4199 huius

255 4236 424 4321 scriptoris
448 4237 483 4301 in
504 4237 556 4302 his
576 4237 671 4304 rebus
692 4238 954 4322 aequabilitatem
982 4239 1078 4305 furiese
1110 4234 1316 4317 crediderim,
1347 4243 1385 4304 ut

255 4342 438 4426 ubicunque
450 4343 587 4409 severior
594 4343 771 4410 Atticorum
784 4365 897 4411 norma
911 4344 1027 4411 cresim
1038 4344 1088 4411 vel
1103 4343 1199 4409 etiam
1214 4342 1383 4412 diaeresim

253 4448 407 4533 postulat,
427 4452 652 4533 praeterquam
672 4450 707 4513 in
720 4448 792 4515 fixis
810 4451 909 4517 veluti
930 4451 965 4516 in
986 4447 1089 4527 καλὸς
1110 4440 1274 4534 κάγαθός,
1296 4456 1384 4519 certo

255 4573 385 4637 semper
403 4552 532 4620 foedere
559 4554 688 4633 iunctiS,
711 4576 869 4641 nusquam
889 4553 1090 4637 usmpaverit
1117 4551 1235 4619 formas
1256 4554 1382 4620 solutas.

257 4656 390 4723 Habent
418 4652 503 4721 enim
535 4656 630 4722 huius
662 4663 807 4725 monetae
839 4657 1009 4739 scriptores
1037 4655 1201 4739 propriam
1230 4676 1320 4721 suam
1348 4655 1384 4721 in

255 4754 451 4843 quibusdam
463 4754 558 4825 rebus
577 4758 822 4827 inconstantiam
835 4763 869 4826 et
889 4778 952 4843 quc
971 4756 1165 4825 recentiores
1184 4760 1273 4836 sunt,
1293 4759 1387 4842 tanto
