<?xml version="1.0" encoding="UTF-8"?>
<!DOCTYPE html PUBLIC "-//W3C//DTD XHTML 1.0 Transitional//EN"
    "http://www.w3.org/TR/xhtml1/DTD/xhtml1-transitional.dtd">
<html xmlns="http://www.w3.org/1999/xhtml" xml:lang="en" lang="en">
 <head>
  <title>
</title>
<meta http-equiv="Content-Type" content="text/html;charset=utf-8" />
  <meta name='ocr-system' content='tesseract 3.04.00' />
  <meta name='ocr-capabilities' content='ocr_page ocr_carea ocr_par ocr_line ocrx_word'/>
</head>
<body>
  <div class='ocr_page' id='page_1' title='image "./vindiciarumplut00doehgoog_0050.png"; bbox 0 0 3700 5625; ppageno 0'>
   <div class='ocr_carea' id='block_1_1' title="bbox 926 559 1138 623">
    <p class='ocr_par' dir='ltr' id='par_1_1' title="bbox 926 559 1138 623">
     <span class='ocr_line' id='line_1_1' title="bbox 926 559 1138 623; baseline 0 -21"><span class='ocrx_word' id='word_1_1' title='bbox 926 559 1138 623; x_wconf 71' lang='lat'><strong>..32-</strong></span> 
     </span>
    </p>
   </div>
   <div class='ocr_carea' id='block_1_2' title="bbox 381 717 1634 2483">
    <p class='ocr_par' dir='ltr' id='par_1_2' title="bbox 381 717 1634 2483">
     <span class='ocr_line' id='line_1_2' title="bbox 472 717 1603 808; baseline -0.001 -20"><span class='ocrx_word' id='word_1_2' title='bbox 472 727 558 790; x_wconf 86' lang='lat' dir='ltr'><strong>mate</strong></span> <span class='ocrx_word' id='word_1_3' title='bbox 579 717 708 808; x_wconf 84' lang='grc' dir='ltr'><strong><em>γνώμη,</em></strong></span> <span class='ocrx_word' id='word_1_4' title='bbox 737 717 823 803; x_wconf 92' lang='lat' dir='ltr'><strong>quod</strong></span> <span class='ocrx_word' id='word_1_5' title='bbox 851 719 1039 804; x_wconf 88' lang='lat' dir='ltr'><strong>plerumque</strong></span> <span class='ocrx_word' id='word_1_6' title='bbox 1069 718 1269 786; x_wconf 76' lang='lat' dir='ltr'><strong>scribebatur</strong></span> <span class='ocrx_word' id='word_1_7' title='bbox 1300 717 1404 799; x_wconf 73' lang='grc' dir='ltr'><strong>Γνῐν”,</strong></span> <span class='ocrx_word' id='word_1_8' title='bbox 1434 721 1603 804; x_wconf 88' lang='lat' dir='ltr'><strong>scriptoris</strong></span> 
     </span>
     <span class='ocr_line' id='line_1_3' title="bbox 381 823 1634 912; baseline 0 -20"><span class='ocrx_word' id='word_1_9' title='bbox 381 862 383 868; x_wconf 70' lang='lat'><strong>,</strong></span> <span class='ocrx_word' id='word_1_10' title='bbox 472 827 629 908; x_wconf 85' lang='lat' dir='ltr'><strong>verbis-</strong></span> <span class='ocrx_word' id='word_1_11' title='bbox 639 847 713 892; x_wconf 87' lang='lat' dir='ltr'><strong>nam</strong></span> <span class='ocrx_word' id='word_1_12' title='bbox 728 845 861 910; x_wconf 76' lang='lat' dir='ltr'><strong>magnus</strong></span> <span class='ocrx_word' id='word_1_13' title='bbox 880 830 951 890; x_wconf 87' lang='lat' dir='ltr'><strong>erat</strong></span> <span class='ocrx_word' id='word_1_14' title='bbox 966 824 1148 906; x_wconf 72' lang='lat' dir='ltr'><strong>explicandi</strong></span> <span class='ocrx_word' id='word_1_15' title='bbox 1161 823 1401 909; x_wconf 72' lang='lat' dir='ltr'><strong>doctrinamque</strong></span> <span class='ocrx_word' id='word_1_16' title='bbox 1416 826 1602 892; x_wconf 87' lang='lat' dir='ltr'><strong>ostentandi</strong></span> <span class='ocrx_word' id='word_1_17' title='bbox 1628 903 1634 912; x_wconf 42' lang='grc'>,</span> 
     </span>
     <span class='ocr_line' id='line_1_4' title="bbox 470 914 1597 1014; baseline -0.001 -19"><span class='ocrx_word' id='word_1_18' title='bbox 470 930 612 1014; x_wconf 88' lang='lat' dir='ltr'><strong>pruritus</strong></span> <span class='ocrx_word' id='word_1_19' title='bbox 634 969 672 978; x_wconf 89' lang='lat'><strong>-</strong></span> <span class='ocrx_word' id='word_1_20' title='bbox 696 927 851 993; x_wconf 83' lang='lat' dir='ltr'><strong>adiecturi</strong></span> <span class='ocrx_word' id='word_1_21' title='bbox 872 933 964 994; x_wconf 89' lang='lat' dir='ltr'><strong>erant</strong></span> <span class='ocrx_word' id='word_1_22' title='bbox 971 929 1012 1014; x_wconf 73' lang='grc'>*1.</span> <span class='ocrx_word' id='word_1_23' title='bbox 1054 914 1259 994; x_wconf 71' lang='lat' dir='ltr'><strong>Manifestum</strong></span> <span class='ocrx_word' id='word_1_24' title='bbox 1280 927 1435 995; x_wconf 89' lang='lat' dir='ltr'><strong>eiusmodi</strong></span> <span class='ocrx_word' id='word_1_25' title='bbox 1455 929 1597 1012; x_wconf 90' lang='lat' dir='ltr'><strong>interpo-</strong></span> 
     </span>
     <span class='ocr_line' id='line_1_5' title="bbox 470 1030 1601 1118; baseline 0 -18"><span class='ocrx_word' id='word_1_26' title='bbox 470 1033 598 1100; x_wconf 72' lang='lat' dir='ltr'><strong>lationis</strong></span> <span class='ocrx_word' id='word_1_27' title='bbox 629 1031 782 1098; x_wconf 90' lang='lat' dir='ltr'><strong>indicium</strong></span> <span class='ocrx_word' id='word_1_28' title='bbox 812 1037 901 1098; x_wconf 85' lang='lat' dir='ltr'><strong>extat</strong></span> <span class='ocrx_word' id='word_1_29' title='bbox 930 1030 1016 1114; x_wconf 87' lang='lat' dir='ltr'><strong>apud</strong></span> <span class='ocrx_word' id='word_1_30' title='bbox 1046 1031 1206 1114; x_wconf 82' lang='lat' dir='ltr'><strong>Aristoph.</strong></span> <span class='ocrx_word' id='word_1_31' title='bbox 1237 1034 1271 1098; x_wconf 92' lang='lat' dir='ltr'><strong>in</strong></span> <span class='ocrx_word' id='word_1_32' title='bbox 1297 1031 1404 1110; x_wconf 85' lang='lat' dir='ltr'><strong>Pluto,</strong></span> <span class='ocrx_word' id='word_1_33' title='bbox 1434 1033 1491 1098; x_wconf 90' lang='lat' dir='ltr'><strong>ubi</strong></span> <span class='ocrx_word' id='word_1_34' title='bbox 1516 1055 1601 1118; x_wconf 88' lang='lat' dir='ltr'><strong>quae</strong></span> 
     </span>
     <span class='ocr_line' id='line_1_6' title="bbox 471 1133 1601 1223; baseline -0.004 -18"><span class='ocrx_word' id='word_1_35' title='bbox 471 1145 544 1223; x_wconf 91' lang='lat' dir='ltr'><strong>post</strong></span> <span class='ocrx_word' id='word_1_36' title='bbox 564 1161 590 1204; x_wconf 85' lang='lat' dir='ltr'><strong>v.</strong></span> <span class='ocrx_word' id='word_1_37' title='bbox 615 1143 677 1204; x_wconf 84' lang='lat'><strong>805</strong></span> <span class='ocrx_word' id='word_1_38' title='bbox 699 1139 734 1202; x_wconf 91' lang='lat' dir='ltr'><strong>in</strong></span> <span class='ocrx_word' id='word_1_39' title='bbox 755 1137 915 1202; x_wconf 79' lang='lat' dir='ltr'><strong>codicibus</strong></span> <span class='ocrx_word' id='word_1_40' title='bbox 946 1136 1094 1220; x_wconf 84' lang='lat' dir='ltr'><strong>leguntur</strong></span> <span class='ocrx_word' id='word_1_41' title='bbox 1124 1137 1237 1203; x_wconf 85' lang='lat' dir='ltr'><strong>verba:</strong></span> <span class='ocrx_word' id='word_1_42' title='bbox 1271 1133 1358 1200; x_wconf 76' lang='grc' dir='ltr'><strong><em>οὕτω</em></strong></span> <span class='ocrx_word' id='word_1_43' title='bbox 1380 1135 1419 1200; x_wconf 80' lang='lat' dir='ltr'><strong>cd</strong></span> <span class='ocrx_word' id='word_1_44' title='bbox 1441 1136 1601 1201; x_wconf 76' lang='grc' dir='ltr'><strong>πλουτεῖν</strong></span> 
     </span>
     <span class='ocr_line' id='line_1_7' title="bbox 473 1226 1600 1330; baseline -0.004 -20"><span class='ocrx_word' id='word_1_45' title='bbox 473 1245 561 1312; x_wconf 81' lang='grc' dir='ltr'><strong><em>ἐστιν</em></strong></span> <span class='ocrx_word' id='word_1_46' title='bbox 584 1238 645 1330; x_wconf 62' lang='lat' dir='ltr'><strong>ridi</strong></span> <span class='ocrx_word' id='word_1_47' title='bbox 669 1237 806 1329; x_wconf 83' lang='grc' dir='ltr'><strong><em>πρᾶγμά</em></strong></span> <span class='ocrx_word' id='word_1_48' title='bbox 831 1265 863 1306; x_wconf 83' lang='grc' dir='ltr'><strong><em>τι</em></strong></span> <span class='ocrx_word' id='word_1_49' title='bbox 893 1241 928 1304; x_wconf 93' lang='lat' dir='ltr'><strong>in</strong></span> <span class='ocrx_word' id='word_1_50' title='bbox 949 1241 1032 1307; x_wconf 91' lang='lat' dir='ltr'><strong>libro</strong></span> <span class='ocrx_word' id='word_1_51' title='bbox 1052 1239 1237 1325; x_wconf 82' lang='lat' dir='ltr'><strong>Augustano</strong></span> <span class='ocrx_word' id='word_1_52' title='bbox 1264 1241 1334 1322; x_wconf 90' lang='lat' dir='ltr'><strong>ipso</strong></span> <span class='ocrx_word' id='word_1_53' title='bbox 1356 1241 1504 1306; x_wconf 88' lang='lat' dir='ltr'><strong>lemmate</strong></span> <span class='ocrx_word' id='word_1_54' title='bbox 1524 1226 1600 1327; x_wconf 59' lang='grc' dir='ltr'><strong><em>’γοα-ο</em></strong></span> 
     </span>
     <span class='ocr_line' id='line_1_8' title="bbox 471 1343 1602 1432; baseline -0.001 -20"><span class='ocrx_word' id='word_1_55' title='bbox 471 1347 611 1432; x_wconf 75' lang='lat' dir='ltr'><strong>praefixo</strong></span> <span class='ocrx_word' id='word_1_56' title='bbox 633 1368 654 1411; x_wconf 90' lang='lat' dir='ltr'><strong>a</strong></span> <span class='ocrx_word' id='word_1_57' title='bbox 679 1344 810 1411; x_wconf 88' lang='lat' dir='ltr'><strong>librario</strong></span> <span class='ocrx_word' id='word_1_58' title='bbox 832 1345 867 1409; x_wconf 91' lang='lat' dir='ltr'><strong>in</strong></span> <span class='ocrx_word' id='word_1_59' title='bbox 893 1350 1001 1410; x_wconf 83' lang='lat' dir='ltr'><strong>textus</strong></span> <span class='ocrx_word' id='word_1_60' title='bbox 1023 1345 1138 1410; x_wconf 87' lang='lat' dir='ltr'><strong>seriem</strong></span> <span class='ocrx_word' id='word_1_61' title='bbox 1159 1345 1261 1410; x_wconf 85' lang='lat' dir='ltr'><strong>inlata</strong></span> <span class='ocrx_word' id='word_1_62' title='bbox 1286 1350 1361 1409; x_wconf 87' lang='lat' dir='ltr'><strong>suut</strong></span> <span class='ocrx_word' id='word_1_63' title='bbox 1381 1344 1449 1430; x_wconf 86' lang='lat' dir='ltr'><strong>(cfr.</strong></span> <span class='ocrx_word' id='word_1_64' title='bbox 1470 1343 1602 1411; x_wconf 85' lang='lat' dir='ltr'><strong>Bruuck</strong></span> 
     </span>
     <span class='ocr_line' id='line_1_9' title="bbox 473 1449 1601 1546; baseline -0.001 -26"><span class='ocrx_word' id='word_1_65' title='bbox 473 1460 535 1520; x_wconf 89' lang='lat' dir='ltr'><strong>not.</strong></span> <span class='ocrx_word' id='word_1_66' title='bbox 557 1452 598 1518; x_wconf 87' lang='lat' dir='ltr'><strong>ad</strong></span> <span class='ocrx_word' id='word_1_67' title='bbox 618 1451 779 1546; x_wconf 73' lang='lat' dir='ltr'><strong>Aristoph.</strong></span> <span class='ocrx_word' id='word_1_68' title='bbox 802 1451 817 1515; x_wconf 94' lang='lat' dir='ltr'><strong>l</strong></span> <span class='ocrx_word' id='word_1_69' title='bbox 845 1472 874 1533; x_wconf 93' lang='lat' dir='ltr'><strong>p.</strong></span> <span class='ocrx_word' id='word_1_70' title='bbox 897 1455 960 1518; x_wconf 83' lang='grc'><strong>267</strong></span> <span class='ocrx_word' id='word_1_71' title='bbox 983 1450 1042 1537; x_wconf 91' lang='lat' dir='ltr'><strong>sq.)</strong></span> <span class='ocrx_word' id='word_1_72' title='bbox 1091 1449 1246 1516; x_wconf 83' lang='lat' dir='ltr'><strong>Similiter</strong></span> <span class='ocrx_word' id='word_1_73' title='bbox 1275 1452 1380 1525; x_wconf 85' lang='lat' dir='ltr'><strong>scriba</strong></span> <span class='ocrx_word' id='word_1_74' title='bbox 1408 1451 1476 1518; x_wconf 87' lang='lat' dir='ltr'><strong>cod.</strong></span> <span class='ocrx_word' id='word_1_75' title='bbox 1498 1451 1601 1519; x_wconf 85' lang='lat' dir='ltr'><strong>Palat.</strong></span> 
     </span>
     <span class='ocr_line' id='line_1_10' title="bbox 473 1551 1602 1645; baseline -0.005 -17"><span class='ocrx_word' id='word_1_76' title='bbox 473 1564 534 1628; x_wconf 81' lang='lat'><strong>283</strong></span> <span class='ocrx_word' id='word_1_77' title='bbox 554 1562 589 1625; x_wconf 90' lang='lat' dir='ltr'><strong>in</strong></span> <span class='ocrx_word' id='word_1_78' title='bbox 606 1559 673 1625; x_wconf 83' lang='lat' dir='ltr'><strong>vita</strong></span> <span class='ocrx_word' id='word_1_79' title='bbox 694 1559 802 1624; x_wconf 83' lang='lat' dir='ltr'><strong>Artax.</strong></span> <span class='ocrx_word' id='word_1_80' title='bbox 820 1579 845 1622; x_wconf 86' lang='lat' dir='ltr'><strong>c.</strong></span> <span class='ocrx_word' id='word_1_81' title='bbox 861 1562 901 1623; x_wconf 83' lang='lat'><strong>25</strong></span> <span class='ocrx_word' id='word_1_82' title='bbox 923 1555 966 1622; x_wconf 80' lang='lat' dir='ltr'><strong>ad</strong></span> <span class='ocrx_word' id='word_1_83' title='bbox 987 1556 1085 1622; x_wconf 83' lang='lat' dir='ltr'><strong>verba</strong></span> <span class='ocrx_word' id='word_1_84' title='bbox 1106 1551 1125 1643; x_wconf 81' lang='grc' dir='ltr'><em>ἡ</em></span> <span class='ocrx_word' id='word_1_85' title='bbox 1148 1556 1211 1645; x_wconf 83' lang='grc' dir='ltr'><strong><em>γὰρ</em></strong></span> <span class='ocrx_word' id='word_1_86' title='bbox 1236 1554 1345 1624; x_wconf 82' lang='grc' dir='ltr'><strong><em>δειλία</em></strong></span> <span class='ocrx_word' id='word_1_87' title='bbox 1368 1555 1602 1645; x_wconf 78' lang='grc' dir='ltr'><strong><em>φονικώτατόν</em></strong></span> 
     </span>
     <span class='ocr_line' id='line_1_11' title="bbox 474 1653 1600 1749; baseline 0 -23"><span class='ocrx_word' id='word_1_88' title='bbox 474 1659 563 1728; x_wconf 75' lang='grc' dir='ltr'><strong><em>ἐστιν</em></strong></span> <span class='ocrx_word' id='word_1_89' title='bbox 585 1659 619 1726; x_wconf 76' lang='grc' dir='ltr'><strong>ἐν</strong></span> <span class='ocrx_word' id='word_1_90' title='bbox 638 1663 713 1736; x_wconf 81' lang='grc' dir='ltr'><strong><em>ταῖς</em></strong></span> <span class='ocrx_word' id='word_1_91' title='bbox 734 1654 933 1747; x_wconf 80' lang='grc' dir='ltr'><strong><em>τυραννίσιν,</em></strong></span> <span class='ocrx_word' id='word_1_92' title='bbox 955 1655 1054 1723; x_wconf 74' lang='grc' dir='ltr'><strong><em>λ’λειον</em></strong></span> <span class='ocrx_word' id='word_1_93' title='bbox 1068 1656 1106 1724; x_wconf 78' lang='grc' dir='ltr'><strong>δὲ</strong></span> <span class='ocrx_word' id='word_1_94' title='bbox 1125 1658 1182 1724; x_wconf 82' lang='grc' dir='ltr'><strong><em>καὶ</em></strong></span> <span class='ocrx_word' id='word_1_95' title='bbox 1201 1661 1311 1749; x_wconf 76' lang='grc' dir='ltr'><strong><em>πρᾷον</em></strong></span> <span class='ocrx_word' id='word_1_96' title='bbox 1324 1659 1381 1725; x_wconf 80' lang='grc' dir='ltr'><strong><em>καὶ</em></strong></span> <span class='ocrx_word' id='word_1_97' title='bbox 1402 1653 1600 1728; x_wconf 70' lang='grc' dir='ltr'><strong><em>ἀνύποπτον</em></strong></span> 
     </span>
     <span class='ocr_line' id='line_1_12' title="bbox 472 1760 1600 1857; baseline 0.001 -24"><span class='ocrx_word' id='word_1_98' title='bbox 472 1762 491 1854; x_wconf 84' lang='grc' dir='ltr'><strong><em>ἡ</em></strong></span> <span class='ocrx_word' id='word_1_99' title='bbox 514 1763 748 1857; x_wconf 72' lang='grc' dir='ltr'><strong><em>θαρραλεότης</em></strong></span> <span class='ocrx_word' id='word_1_100' title='bbox 771 1765 991 1830; x_wconf 82' lang='lat' dir='ltr'><strong>calamitosum</strong></span> <span class='ocrx_word' id='word_1_101' title='bbox 1009 1764 1089 1830; x_wconf 87' lang='lat' dir='ltr'><strong>illud</strong></span> <span class='ocrx_word' id='word_1_102' title='bbox 1108 1760 1221 1852; x_wconf 81' lang='grc' dir='ltr'><strong><em>γνιόμη</em></strong></span> <span class='ocrx_word' id='word_1_103' title='bbox 1244 1765 1440 1848; x_wconf 81' lang='lat' dir='ltr'><strong>adscriptum</strong></span> <span class='ocrx_word' id='word_1_104' title='bbox 1457 1766 1600 1848; x_wconf 75' lang='lat' dir='ltr'><strong>praebet</strong></span> 
     </span>
     <span class='ocr_line' id='line_1_13' title="bbox 472 1869 1599 1955; baseline 0 -17"><span class='ocrx_word' id='word_1_105' title='bbox 472 1872 539 1944; x_wconf 88' lang='lat' dir='ltr'><strong>Nec</strong></span> <span class='ocrx_word' id='word_1_106' title='bbox 560 1873 674 1940; x_wconf 88' lang='lat' dir='ltr'><strong>desunt</strong></span> <span class='ocrx_word' id='word_1_107' title='bbox 695 1871 839 1952; x_wconf 86' lang='lat' dir='ltr'><strong>exempla</strong></span> <span class='ocrx_word' id='word_1_108' title='bbox 860 1869 967 1936; x_wconf 81' lang='lat' dir='ltr'><strong>affinis</strong></span> <span class='ocrx_word' id='word_1_109' title='bbox 986 1871 1119 1955; x_wconf 85' lang='lat' dir='ltr'><strong>generis.</strong></span> <span class='ocrx_word' id='word_1_110' title='bbox 1171 1871 1223 1936; x_wconf 86' lang='lat' dir='ltr'><strong>Ita</strong></span> <span class='ocrx_word' id='word_1_111' title='bbox 1244 1871 1330 1953; x_wconf 85' lang='lat' dir='ltr'><strong>apud</strong></span> <span class='ocrx_word' id='word_1_112' title='bbox 1351 1870 1431 1936; x_wconf 86' lang='lat' dir='ltr'><strong>Plat.</strong></span> <span class='ocrx_word' id='word_1_113' title='bbox 1452 1871 1530 1954; x_wconf 85' lang='lat' dir='ltr'><strong>Rep.</strong></span> <span class='ocrx_word' id='word_1_114' title='bbox 1553 1872 1599 1938; x_wconf 90' lang='lat' dir='ltr'><strong>Vl</strong></span> 
     </span>
     <span class='ocr_line' id='line_1_14' title="bbox 471 1970 1599 2066; baseline -0.004 -17"><span class='ocrx_word' id='word_1_115' title='bbox 471 2003 501 2066; x_wconf 91' lang='lat' dir='ltr'><strong>p.</strong></span> <span class='ocrx_word' id='word_1_116' title='bbox 528 1989 629 2048; x_wconf 86' lang='lat' dir='ltr'><strong>504e</strong></span> <span class='ocrx_word' id='word_1_117' title='bbox 661 1970 855 2046; x_wconf 79' lang='lat' dir='ltr'><strong>admirantis</strong></span> <span class='ocrx_word' id='word_1_118' title='bbox 882 1980 1005 2046; x_wconf 83' lang='lat' dir='ltr'><strong>scribac</strong></span> <span class='ocrx_word' id='word_1_119' title='bbox 1035 1980 1133 2047; x_wconf 78' lang='lat' dir='ltr'><strong>rerba</strong></span> <span class='ocrx_word' id='word_1_120' title='bbox 1165 1972 1273 2057; x_wconf 74' lang='grc' dir='ltr'><strong><em>ι’ίξιον-</em></strong></span> <span class='ocrx_word' id='word_1_121' title='bbox 1292 1978 1332 2044; x_wconf 82' lang='grc' dir='ltr'><strong>τὸ</strong></span> <span class='ocrx_word' id='word_1_122' title='bbox 1366 1975 1534 2066; x_wconf 75' lang='grc' dir='ltr'><strong><em>διανόημα</em></strong></span> <span class='ocrx_word' id='word_1_123' title='bbox 1564 1980 1599 2044; x_wconf 92' lang='lat' dir='ltr'><strong>in</strong></span> 
     </span>
     <span class='ocr_line' id='line_1_15' title="bbox 471 2086 1600 2169; baseline -0.001 -16"><span class='ocrx_word' id='word_1_124' title='bbox 471 2093 594 2154; x_wconf 80' lang='lat' dir='ltr'><strong>textum</strong></span> <span class='ocrx_word' id='word_1_125' title='bbox 622 2087 832 2169; x_wconf 83' lang='lat' dir='ltr'><strong>irrepserunt,</strong></span> <span class='ocrx_word' id='word_1_126' title='bbox 863 2086 933 2151; x_wconf 86' lang='lat' dir='ltr'><strong>Asti</strong></span> <span class='ocrx_word' id='word_1_127' title='bbox 955 2089 1115 2165; x_wconf 83' lang='lat' dir='ltr'><strong>acumine,</strong></span> <span class='ocrx_word' id='word_1_128' title='bbox 1146 2087 1206 2152; x_wconf 93' lang='lat' dir='ltr'><strong>hoc</strong></span> <span class='ocrx_word' id='word_1_129' title='bbox 1234 2087 1361 2153; x_wconf 90' lang='lat' dir='ltr'><strong>nomine</strong></span> <span class='ocrx_word' id='word_1_130' title='bbox 1390 2086 1600 2154; x_wconf 82' lang='lat' dir='ltr'><strong>Stallbaumio</strong></span> 
     </span>
     <span class='ocr_line' id='line_1_16' title="bbox 472 2189 1599 2278; baseline -0.002 -20"><span class='ocrx_word' id='word_1_131' title='bbox 472 2193 565 2278; x_wconf 85' lang='lat' dir='ltr'><strong>longe</strong></span> <span class='ocrx_word' id='word_1_132' title='bbox 587 2190 842 2275; x_wconf 82' lang='lat' dir='ltr'><strong>praestantioris,</strong></span> <span class='ocrx_word' id='word_1_133' title='bbox 862 2189 933 2256; x_wconf 92' lang='lat' dir='ltr'><strong>loco</strong></span> <span class='ocrx_word' id='word_1_134' title='bbox 954 2190 1082 2256; x_wconf 89' lang='lat' dir='ltr'><strong>demum</strong></span> <span class='ocrx_word' id='word_1_135' title='bbox 1102 2195 1191 2256; x_wconf 85' lang='lat' dir='ltr'><strong>motu</strong></span> <span class='ocrx_word' id='word_1_136' title='bbox 1216 2189 1328 2272; x_wconf 82' lang='lat' dir='ltr'><strong>(Cobet</strong></span> <span class='ocrx_word' id='word_1_137' title='bbox 1345 2189 1496 2257; x_wconf 88' lang='lat' dir='ltr'><strong>Mnemos.</strong></span> <span class='ocrx_word' id='word_1_138' title='bbox 1519 2194 1599 2258; x_wconf 89' lang='grc'>1862</span> 
     </span>
     <span class='ocr_line' id='line_1_17' title="bbox 472 2296 1602 2385; baseline -0.004 -18"><span class='ocrx_word' id='word_1_139' title='bbox 472 2322 502 2385; x_wconf 91' lang='lat' dir='ltr'><strong>p.</strong></span> <span class='ocrx_word' id='word_1_140' title='bbox 527 2305 586 2367; x_wconf 81' lang='grc'>165</span> <span class='ocrx_word' id='word_1_141' title='bbox 610 2303 668 2383; x_wconf 91' lang='lat' dir='ltr'><strong>sq.)</strong></span> <span class='ocrx_word' id='word_1_142' title='bbox 713 2297 895 2381; x_wconf 89' lang='lat' dir='ltr'><strong>Eademque</strong></span> <span class='ocrx_word' id='word_1_143' title='bbox 915 2297 1204 2364; x_wconf 83' lang='lat' dir='ltr'><strong>additamentomm</strong></span> <span class='ocrx_word' id='word_1_144' title='bbox 1227 2296 1300 2362; x_wconf 88' lang='lat' dir='ltr'><strong>labe</strong></span> <span class='ocrx_word' id='word_1_145' title='bbox 1320 2297 1456 2363; x_wconf 86' lang='lat' dir='ltr'><strong>infectus</strong></span> <span class='ocrx_word' id='word_1_146' title='bbox 1474 2296 1602 2362; x_wconf 84' lang='lat' dir='ltr'><strong>videtur</strong></span> 
     </span>
     <span class='ocr_line' id='line_1_18' title="bbox 473 2398 1601 2483; baseline -0.007 -11"><span class='ocrx_word' id='word_1_147' title='bbox 473 2407 560 2472; x_wconf 89' lang='lat' dir='ltr'><strong>locus</strong></span> <span class='ocrx_word' id='word_1_148' title='bbox 579 2406 614 2470; x_wconf 93' lang='lat' dir='ltr'><strong>in</strong></span> <span class='ocrx_word' id='word_1_149' title='bbox 634 2403 718 2470; x_wconf 90' lang='lat' dir='ltr'><strong>libro</strong></span> <span class='ocrx_word' id='word_1_150' title='bbox 730 2402 763 2467; x_wconf 93' lang='lat' dir='ltr'><strong>Il</strong></span> <span class='ocrx_word' id='word_1_151' title='bbox 776 2400 914 2468; x_wconf 84' lang='lat' dir='ltr'><strong>Maccab.</strong></span> <span class='ocrx_word' id='word_1_152' title='bbox 937 2408 987 2481; x_wconf 90' lang='grc'><strong>12,</strong></span> <span class='ocrx_word' id='word_1_153' title='bbox 1009 2410 1057 2481; x_wconf 84' lang='grc'><strong>45,</strong></span> <span class='ocrx_word' id='word_1_154' title='bbox 1079 2403 1136 2468; x_wconf 87' lang='lat' dir='ltr'><strong>ubi</strong></span> <span class='ocrx_word' id='word_1_155' title='bbox 1153 2400 1196 2468; x_wconf 87' lang='lat' dir='ltr'><strong>ad</strong></span> <span class='ocrx_word' id='word_1_156' title='bbox 1215 2400 1313 2468; x_wconf 83' lang='lat' dir='ltr'><strong>verba</strong></span> <span class='ocrx_word' id='word_1_157' title='bbox 1334 2398 1511 2483; x_wconf 80' lang='grc' dir='ltr'><strong><em>ἐμβλέπων</em></strong></span> <span class='ocrx_word' id='word_1_158' title='bbox 1528 2405 1601 2477; x_wconf 78' lang='grc' dir='ltr'><strong><em>τοῖς</em></strong></span> 
     </span>
    </p>
   </div>
   <div class='ocr_carea' id='block_1_3' title="bbox 473 2605 1603 3029">
    <p class='ocr_par' dir='ltr' id='par_1_3' title="bbox 473 2605 1603 3029">
     <span class='ocr_line' id='line_1_19' title="bbox 544 2605 1603 2675; baseline 0.002 -17"><span class='ocrx_word' id='word_1_159' title='bbox 544 2605 570 2670; x_wconf 85' lang='grc'><strong>*)</strong></span> <span class='ocrx_word' id='word_1_160' title='bbox 593 2610 620 2658; x_wconf 92' lang='lat' dir='ltr'><strong>tn</strong></span> <span class='ocrx_word' id='word_1_161' title='bbox 646 2608 851 2674; x_wconf 81' lang='lat' dir='ltr'><strong>proverbialibus</strong></span> <span class='ocrx_word' id='word_1_162' title='bbox 870 2609 1049 2662; x_wconf 90' lang='lat' dir='ltr'><strong>locutionibus</strong></span> <span class='ocrx_word' id='word_1_163' title='bbox 1066 2611 1175 2674; x_wconf 86' lang='lat' dir='ltr'><strong>perinde</strong></span> <span class='ocrx_word' id='word_1_164' title='bbox 1198 2617 1277 2675; x_wconf 88' lang='lat' dir='ltr'><strong>atque</strong></span> <span class='ocrx_word' id='word_1_165' title='bbox 1301 2611 1327 2660; x_wconf 90' lang='lat' dir='ltr'><strong>in</strong></span> <span class='ocrx_word' id='word_1_166' title='bbox 1349 2611 1388 2661; x_wconf 85' lang='lat' dir='ltr'><strong>eis</strong></span> <span class='ocrx_word' id='word_1_167' title='bbox 1406 2623 1475 2674; x_wconf 89' lang='lat' dir='ltr'><strong>quae</strong></span> <span class='ocrx_word' id='word_1_168' title='bbox 1491 2609 1525 2659; x_wconf 87' lang='lat' dir='ltr'><strong>ab</strong></span> <span class='ocrx_word' id='word_1_169' title='bbox 1544 2608 1603 2660; x_wconf 84' lang='lat' dir='ltr'><strong>aliis</strong></span> 
     </span>
     <span class='ocr_line' id='line_1_20' title="bbox 474 2691 1602 2758; baseline -0.002 -12"><span class='ocrx_word' id='word_1_170' title='bbox 474 2692 644 2758; x_wconf 81' lang='lat' dir='ltr'><strong>scriptoribus</strong></span> <span class='ocrx_word' id='word_1_171' title='bbox 657 2691 796 2758; x_wconf 75' lang='lat' dir='ltr'><strong>adsumpta</strong></span> <span class='ocrx_word' id='word_1_172' title='bbox 814 2707 878 2742; x_wconf 87' lang='lat' dir='ltr'><strong>suae</strong></span> <span class='ocrx_word' id='word_1_173' title='bbox 897 2694 1007 2744; x_wconf 89' lang='lat' dir='ltr'><strong>orationi</strong></span> <span class='ocrx_word' id='word_1_174' title='bbox 1019 2693 1128 2744; x_wconf 88' lang='lat' dir='ltr'><strong>inseruit</strong></span> <span class='ocrx_word' id='word_1_175' title='bbox 1142 2693 1310 2758; x_wconf 79' lang='lat' dir='ltr'><strong>Plutarchus,</strong></span> <span class='ocrx_word' id='word_1_176' title='bbox 1324 2693 1421 2745; x_wconf 89' lang='lat' dir='ltr'><strong>nullom</strong></span> <span class='ocrx_word' id='word_1_177' title='bbox 1434 2708 1496 2743; x_wconf 89' lang='lat' dir='ltr'><strong>esse</strong></span> <span class='ocrx_word' id='word_1_178' title='bbox 1513 2691 1602 2744; x_wconf 86' lang='lat' dir='ltr'><strong>hiatus</strong></span> 
     </span>
     <span class='ocr_line' id='line_1_21' title="bbox 473 2781 1602 2850; baseline -0.003 -13"><span class='ocrx_word' id='word_1_179' title='bbox 473 2783 564 2850; x_wconf 81' lang='lat' dir='ltr'><strong>iugum</strong></span> <span class='ocrx_word' id='word_1_180' title='bbox 581 2788 642 2848; x_wconf 87' lang='lat' dir='ltr'><strong>post</strong></span> <span class='ocrx_word' id='word_1_181' title='bbox 664 2783 789 2833; x_wconf 76' lang='lat' dir='ltr'><strong>Sintenim</strong></span> <span class='ocrx_word' id='word_1_182' title='bbox 812 2783 845 2833; x_wconf 89' lang='lat' dir='ltr'><strong>de</strong></span> <span class='ocrx_word' id='word_1_183' title='bbox 865 2781 937 2835; x_wconf 88' lang='lat' dir='ltr'><strong>hiatu</strong></span> <span class='ocrx_word' id='word_1_184' title='bbox 957 2798 983 2850; x_wconf 90' lang='lat' dir='ltr'><strong>p.</strong></span> <span class='ocrx_word' id='word_1_185' title='bbox 1003 2783 1067 2849; x_wconf 83' lang='grc'>338,</span> <span class='ocrx_word' id='word_1_186' title='bbox 1089 2784 1164 2836; x_wconf 85' lang='lat' dir='ltr'><strong>novis</strong></span> <span class='ocrx_word' id='word_1_187' title='bbox 1185 2785 1284 2849; x_wconf 77' lang='lat' dir='ltr'><strong>aliquot</strong></span> <span class='ocrx_word' id='word_1_188' title='bbox 1305 2782 1462 2836; x_wconf 83' lang='lat' dir='ltr'><strong>testimoniis</strong></span> <span class='ocrx_word' id='word_1_189' title='bbox 1480 2785 1602 2835; x_wconf 87' lang='lat' dir='ltr'><strong>evincere</strong></span> 
     </span>
     <span class='ocr_line' id='line_1_22' title="bbox 474 2868 1602 2939; baseline -0.001 -15"><span class='ocrx_word' id='word_1_190' title='bbox 474 2878 583 2925; x_wconf 83' lang='lat' dir='ltr'><strong>conatus</strong></span> <span class='ocrx_word' id='word_1_191' title='bbox 618 2886 676 2922; x_wconf 91' lang='lat' dir='ltr'><strong>sum</strong></span> <span class='ocrx_word' id='word_1_192' title='bbox 705 2873 731 2923; x_wconf 93' lang='lat' dir='ltr'><strong>in</strong></span> <span class='ocrx_word' id='word_1_193' title='bbox 757 2870 860 2934; x_wconf 74' lang='lat' dir='ltr'><strong>Quacst,</strong></span> <span class='ocrx_word' id='word_1_194' title='bbox 886 2872 952 2924; x_wconf 87' lang='lat' dir='ltr'><strong>Plut.</strong></span> <span class='ocrx_word' id='word_1_195' title='bbox 979 2870 1000 2922; x_wconf 94' lang='grc'><strong>11</strong></span> <span class='ocrx_word' id='word_1_196' title='bbox 1024 2888 1050 2939; x_wconf 86' lang='lat' dir='ltr'><strong>p.</strong></span> <span class='ocrx_word' id='word_1_197' title='bbox 1075 2873 1121 2937; x_wconf 89' lang='grc'><strong>12,</strong></span> <span class='ocrx_word' id='word_1_198' title='bbox 1147 2874 1243 2937; x_wconf 89' lang='lat' dir='ltr'><strong>quibus</strong></span> <span class='ocrx_word' id='word_1_199' title='bbox 1268 2872 1350 2923; x_wconf 85' lang='lat' dir='ltr'><strong>hodie</strong></span> <span class='ocrx_word' id='word_1_200' title='bbox 1377 2871 1538 2922; x_wconf 78' lang='lat' dir='ltr'><strong>addiderim:</strong></span> <span class='ocrx_word' id='word_1_201' title='bbox 1566 2868 1602 2931; x_wconf 77' lang='grc' dir='ltr'><strong>ὡς</strong></span> 
     </span>
     <span class='ocr_line' id='line_1_23' title="bbox 474 2950 1602 3029; baseline -0.004 -14"><span class='ocrx_word' id='word_1_202' title='bbox 474 2957 550 3029; x_wconf 73' lang='lat' dir='ltr'><strong>sinor</strong></span> <span class='ocrx_word' id='word_1_203' title='bbox 570 2963 671 3026; x_wconf 78' lang='lat' dir='ltr'><strong>elneiv,</strong></span> <span class='ocrx_word' id='word_1_204' title='bbox 690 2958 770 3011; x_wconf 86' lang='lat' dir='ltr'><strong>veluti</strong></span> <span class='ocrx_word' id='word_1_205' title='bbox 787 2959 851 3012; x_wconf 84' lang='lat' dir='ltr'><strong>Mor.</strong></span> <span class='ocrx_word' id='word_1_206' title='bbox 871 2976 896 3025; x_wconf 90' lang='lat' dir='ltr'><strong>p.</strong></span> <span class='ocrx_word' id='word_1_207' title='bbox 915 2960 988 3011; x_wconf 75' lang='lat'><strong>4430</strong></span> <span class='ocrx_word' id='word_1_208' title='bbox 1011 2966 1036 3011; x_wconf 82' lang='lat' dir='ltr'><strong>et</strong></span> <span class='ocrx_word' id='word_1_209' title='bbox 1053 2961 1169 3026; x_wconf 80' lang='lat' dir='ltr'><strong>passim,</strong></span> <span class='ocrx_word' id='word_1_210' title='bbox 1188 2965 1214 3010; x_wconf 87' lang='lat' dir='ltr'><strong>et</strong></span> <span class='ocrx_word' id='word_1_211' title='bbox 1237 2955 1267 3011; x_wconf 84' lang='grc' dir='ltr'><strong>τὸ</strong></span> <span class='ocrx_word' id='word_1_212' title='bbox 1290 2952 1415 3028; x_wconf 81' lang='grc' dir='ltr'><strong><em>κρόμυον</em></strong></span> <span class='ocrx_word' id='word_1_213' title='bbox 1433 2960 1510 3025; x_wconf 77' lang='grc' dir='ltr'><strong><em>ποτῷ</em></strong></span> <span class='ocrx_word' id='word_1_214' title='bbox 1527 2950 1602 3021; x_wconf 67' lang='lat' dir='ltr'><strong>dabor</strong></span> 
     </span>
    </p>
   </div>
   <div class='ocr_carea' id='block_1_4' title="bbox 365 3044 1601 3117">
    <p class='ocr_par' dir='ltr' id='par_1_4' title="bbox 365 3044 1601 3117">
     <span class='ocr_line' id='line_1_24' title="bbox 365 3044 1601 3117; baseline 0.001 -20"><span class='ocrx_word' id='word_1_215' title='bbox 365 3091 369 3097; x_wconf 93' lang='lat'>.</span> <span class='ocrx_word' id='word_1_216' title='bbox 474 3068 505 3103; x_wconf 82' lang='lat' dir='ltr'><strong>ex</strong></span> <span class='ocrx_word' id='word_1_217' title='bbox 522 3050 598 3102; x_wconf 86' lang='lat' dir='ltr'><strong>llom.</strong></span> <span class='ocrx_word' id='word_1_218' title='bbox 616 3052 646 3101; x_wconf 83' lang='lat' dir='ltr'><em>A</em></span> <span class='ocrx_word' id='word_1_219' title='bbox 664 3049 728 3113; x_wconf 86' lang='grc'>630,</span> <span class='ocrx_word' id='word_1_220' title='bbox 748 3054 778 3100; x_wconf 86' lang='lat' dir='ltr'><strong>ut</strong></span> <span class='ocrx_word' id='word_1_221' title='bbox 797 3046 888 3117; x_wconf 83' lang='lat' dir='ltr'><strong>Symp.</strong></span> <span class='ocrx_word' id='word_1_222' title='bbox 911 3047 1018 3112; x_wconf 83' lang='grc'>1111,1,</span> <span class='ocrx_word' id='word_1_223' title='bbox 1040 3050 1052 3098; x_wconf 93' lang='grc'>1</span> <span class='ocrx_word' id='word_1_224' title='bbox 1071 3062 1097 3114; x_wconf 90' lang='lat' dir='ltr'><strong>p.</strong></span> <span class='ocrx_word' id='word_1_225' title='bbox 1117 3049 1195 3099; x_wconf 79' lang='lat' dir='ltr'><strong>710c</strong></span> <span class='ocrx_word' id='word_1_226' title='bbox 1219 3045 1287 3099; x_wconf 89' lang='lat' dir='ltr'><strong>conl.</strong></span> <span class='ocrx_word' id='word_1_227' title='bbox 1312 3044 1403 3114; x_wconf 79' lang='lat' dir='ltr'><strong>Symp.</strong></span> <span class='ocrx_word' id='word_1_228' title='bbox 1427 3046 1471 3110; x_wconf 82' lang='lat' dir='ltr'><strong>tv,</strong></span> <span class='ocrx_word' id='word_1_229' title='bbox 1490 3047 1521 3110; x_wconf 82' lang='lat'><strong>4,</strong></span> <span class='ocrx_word' id='word_1_230' title='bbox 1542 3047 1558 3097; x_wconf 88' lang='grc'>3</span> <span class='ocrx_word' id='word_1_231' title='bbox 1577 3062 1601 3112; x_wconf 92' lang='lat' dir='ltr'><strong>p.</strong></span> 
     </span>
    </p>
   </div>
   <div class='ocr_carea' id='block_1_5' title="bbox 473 3134 1604 3287">
    <p class='ocr_par' dir='ltr' id='par_1_5' title="bbox 473 3134 1604 3287">
     <span class='ocr_line' id='line_1_25' title="bbox 475 3134 1604 3204; baseline -0.007 -9"><span class='ocrx_word' id='word_1_232' title='bbox 475 3141 563 3204; x_wconf 84' lang='grc'>6691),</span> <span class='ocrx_word' id='word_1_233' title='bbox 590 3140 634 3191; x_wconf 89' lang='lat' dir='ltr'><strong>ubi</strong></span> <span class='ocrx_word' id='word_1_234' title='bbox 661 3145 750 3191; x_wconf 75' lang='lat' dir='ltr'><strong>contis</strong></span> <span class='ocrx_word' id='word_1_235' title='bbox 771 3138 895 3190; x_wconf 88' lang='lat' dir='ltr'><strong>librorum</strong></span> <span class='ocrx_word' id='word_1_236' title='bbox 927 3152 1087 3188; x_wconf 89' lang='lat' dir='ltr'><strong>eonsensum</strong></span> <span class='ocrx_word' id='word_1_237' title='bbox 1114 3137 1199 3187; x_wconf 87' lang='lat' dir='ltr'><strong>editur</strong></span> <span class='ocrx_word' id='word_1_238' title='bbox 1221 3138 1317 3189; x_wconf 81' lang='grc' dir='ltr'><strong><em>ποτοῦ.</em></strong></span> <span class='ocrx_word' id='word_1_239' title='bbox 1364 3134 1393 3186; x_wconf 93' lang='lat' dir='ltr'><strong>ln</strong></span> <span class='ocrx_word' id='word_1_240' title='bbox 1417 3134 1475 3187; x_wconf 88' lang='lat' dir='ltr'><strong>aliis</strong></span> <span class='ocrx_word' id='word_1_241' title='bbox 1505 3150 1604 3201; x_wconf 83' lang='lat' dir='ltr'><strong>anceps</strong></span> 
     </span>
     <span class='ocr_line' id='line_1_26' title="bbox 473 3217 1602 3287; baseline -0.01 -9"><span class='ocrx_word' id='word_1_242' title='bbox 473 3226 563 3278; x_wconf 80' lang='lat' dir='ltr'><strong>haeret</strong></span> <span class='ocrx_word' id='word_1_243' title='bbox 581 3224 721 3285; x_wconf 87' lang='lat' dir='ltr'><strong>iudicium;</strong></span> <span class='ocrx_word' id='word_1_244' title='bbox 742 3223 792 3286; x_wconf 82' lang='lat' dir='ltr'><strong>ita,</strong></span> <span class='ocrx_word' id='word_1_245' title='bbox 804 3235 837 3272; x_wconf 87' lang='lat' dir='ltr'><strong>ne</strong></span> <span class='ocrx_word' id='word_1_246' title='bbox 857 3221 923 3271; x_wconf 88' lang='lat' dir='ltr'><strong>ultra</strong></span> <span class='ocrx_word' id='word_1_247' title='bbox 942 3234 1020 3287; x_wconf 87' lang='lat' dir='ltr'><strong>quam</strong></span> <span class='ocrx_word' id='word_1_248' title='bbox 1038 3226 1139 3285; x_wconf 85' lang='lat' dir='ltr'><strong>oportet</strong></span> <span class='ocrx_word' id='word_1_249' title='bbox 1157 3234 1301 3283; x_wconf 84' lang='lat' dir='ltr'><strong>excurram,</strong></span> <span class='ocrx_word' id='word_1_250' title='bbox 1321 3219 1347 3269; x_wconf 89' lang='lat' dir='ltr'><strong>in</strong></span> <span class='ocrx_word' id='word_1_251' title='bbox 1362 3219 1500 3270; x_wconf 87' lang='lat' dir='ltr'><strong>notissima</strong></span> <span class='ocrx_word' id='word_1_252' title='bbox 1512 3217 1602 3268; x_wconf 81' lang='lat' dir='ltr'><strong>Archi·</strong></span> 
     </span>
    </p>
   </div>
   <div class='ocr_carea' id='block_1_6' title="bbox 450 3306 1604 3730">
    <p class='ocr_par' dir='ltr' id='par_1_6' title="bbox 450 3306 1604 3730">
     <span class='ocr_line' id='line_1_27' title="bbox 476 3306 1604 3380; baseline -0.007 -13"><span class='ocrx_word' id='word_1_253' title='bbox 476 3316 634 3367; x_wconf 80' lang='lat' dir='ltr'><strong>dominoco</strong></span> <span class='ocrx_word' id='word_1_254' title='bbox 658 3308 673 3365; x_wconf 86' lang='lat' dir='ltr'><strong>d</strong></span> <span class='ocrx_word' id='word_1_255' title='bbox 700 3306 821 3380; x_wconf 85' lang='grc' dir='ltr'><strong><em>πόλεμος</em></strong></span> <span class='ocrx_word' id='word_1_256' title='bbox 847 3308 879 3363; x_wconf 84' lang='grc' dir='ltr'><strong>οὐ</strong></span> <span class='ocrx_word' id='word_1_257' title='bbox 904 3313 1057 3379; x_wconf 74' lang='grc' dir='ltr'><strong><em>τεταγμένα</em></strong></span> <span class='ocrx_word' id='word_1_258' title='bbox 1081 3314 1208 3373; x_wconf 74' lang='grc' dir='ltr'><strong><em>σιτεῖται,</em></strong></span> <span class='ocrx_word' id='word_1_259' title='bbox 1237 3310 1312 3360; x_wconf 89' lang='lat' dir='ltr'><strong>cuius</strong></span> <span class='ocrx_word' id='word_1_260' title='bbox 1340 3312 1501 3358; x_wconf 87' lang='lat' dir='ltr'><strong>mentionem</strong></span> <span class='ocrx_word' id='word_1_261' title='bbox 1524 3306 1604 3360; x_wconf 87' lang='lat' dir='ltr'><strong>habet</strong></span> 
     </span>
     <span class='ocr_line' id='line_1_28' title="bbox 476 3398 1602 3464; baseline -0.008 -9"><span class='ocrx_word' id='word_1_262' title='bbox 476 3403 629 3457; x_wconf 80' lang='lat' dir='ltr'><strong>Plutarchus</strong></span> <span class='ocrx_word' id='word_1_263' title='bbox 649 3400 733 3453; x_wconf 86' lang='lat' dir='ltr'><strong>Crass.</strong></span> <span class='ocrx_word' id='word_1_264' title='bbox 754 3402 778 3451; x_wconf 90' lang='grc'><strong>2.</strong></span> <span class='ocrx_word' id='word_1_265' title='bbox 808 3398 906 3451; x_wconf 84' lang='lat' dir='ltr'><strong>Cleom.</strong></span> <span class='ocrx_word' id='word_1_266' title='bbox 927 3400 968 3452; x_wconf 78' lang='grc'><strong>27.</strong></span> <span class='ocrx_word' id='word_1_267' title='bbox 992 3398 1056 3451; x_wconf 87' lang='lat' dir='ltr'><strong>Mor.</strong></span> <span class='ocrx_word' id='word_1_268' title='bbox 1076 3417 1103 3464; x_wconf 80' lang='lat' dir='ltr'><strong>p.</strong></span> <span class='ocrx_word' id='word_1_269' title='bbox 1125 3399 1202 3450; x_wconf 82' lang='lat' dir='ltr'><strong>190a.</strong></span> <span class='ocrx_word' id='word_1_270' title='bbox 1229 3414 1252 3464; x_wconf 89' lang='lat' dir='ltr'><strong>p.</strong></span> <span class='ocrx_word' id='word_1_271' title='bbox 1275 3398 1360 3462; x_wconf 69' lang='grc'>2196,</span> <span class='ocrx_word' id='word_1_272' title='bbox 1385 3399 1477 3447; x_wconf 88' lang='lat' dir='ltr'><strong>eadem</strong></span> <span class='ocrx_word' id='word_1_273' title='bbox 1498 3412 1602 3463; x_wconf 88' lang='lat' dir='ltr'><strong>semper</strong></span> 
     </span>
     <span class='ocr_line' id='line_1_29' title="bbox 475 3477 1604 3561; baseline -0.009 -14"><span class='ocrx_word' id='word_1_274' title='bbox 475 3500 565 3561; x_wconf 73' lang='lat' dir='ltr'><strong>regnat</strong></span> <span class='ocrx_word' id='word_1_275' title='bbox 587 3477 719 3558; x_wconf 77' lang='lat' dir='ltr'><strong>p&#39;ositura3</strong></span> <span class='ocrx_word' id='word_1_276' title='bbox 750 3490 777 3541; x_wconf 90' lang='lat' dir='ltr'><strong>in</strong></span> <span class='ocrx_word' id='word_1_277' title='bbox 800 3496 935 3556; x_wconf 88' lang='lat' dir='ltr'><strong>postremo</strong></span> <span class='ocrx_word' id='word_1_278' title='bbox 960 3488 1021 3540; x_wconf 88' lang='lat' dir='ltr'><strong>loeo</strong></span> <span class='ocrx_word' id='word_1_279' title='bbox 1047 3489 1125 3539; x_wconf 78' lang='lat' dir='ltr'><strong>foede</strong></span> <span class='ocrx_word' id='word_1_280' title='bbox 1150 3493 1299 3553; x_wconf 88' lang='lat' dir='ltr'><strong>corruptum</strong></span> <span class='ocrx_word' id='word_1_281' title='bbox 1322 3487 1418 3552; x_wconf 81' lang='lat' dir='ltr'><strong>legitur</strong></span> <span class='ocrx_word' id='word_1_282' title='bbox 1440 3482 1454 3538; x_wconf 86' lang='grc' dir='ltr'>ὁ</span> <span class='ocrx_word' id='word_1_283' title='bbox 1482 3481 1604 3556; x_wconf 78' lang='grc' dir='ltr'><strong><em>πόλεμος</em></strong></span> 
     </span>
     <span class='ocr_line' id='line_1_30' title="bbox 476 3574 1601 3647; baseline -0.01 -12"><span class='ocrx_word' id='word_1_284' title='bbox 476 3578 508 3634; x_wconf 84' lang='grc' dir='ltr'><strong>οὐ</strong></span> <span class='ocrx_word' id='word_1_285' title='bbox 527 3581 679 3647; x_wconf 81' lang='grc' dir='ltr'><strong><em>τεταγμένα</em></strong></span> <span class='ocrx_word' id='word_1_286' title='bbox 699 3578 802 3643; x_wconf 79' lang='grc' dir='ltr'><strong><em>ζητεῖ,</em></strong></span> <span class='ocrx_word' id='word_1_287' title='bbox 822 3576 897 3627; x_wconf 85' lang='lat' dir='ltr'><strong>cuius</strong></span> <span class='ocrx_word' id='word_1_288' title='bbox 915 3574 976 3626; x_wconf 92' lang='lat' dir='ltr'><strong>loeo</strong></span> <span class='ocrx_word' id='word_1_289' title='bbox 993 3576 1145 3641; x_wconf 89' lang='lat' dir='ltr'><strong>ponendum</strong></span> <span class='ocrx_word' id='word_1_290' title='bbox 1159 3591 1220 3626; x_wconf 88' lang='lat' dir='ltr'><strong>esse</strong></span> <span class='ocrx_word' id='word_1_291' title='bbox 1238 3578 1387 3626; x_wconf 80' lang='grc' dir='ltr'><strong><em>σιτεῖται</em></strong></span> <span class='ocrx_word' id='word_1_292' title='bbox 1407 3579 1478 3626; x_wconf 83' lang='lat' dir='ltr'><strong>extra</strong></span> <span class='ocrx_word' id='word_1_293' title='bbox 1496 3589 1601 3625; x_wconf 90' lang='lat' dir='ltr'><strong>omnem</strong></span> 
     </span>
     <span class='ocr_line' id='line_1_31' title="bbox 450 3661 1601 3730; baseline -0.006 -9"><span class='ocrx_word' id='word_1_294' title='bbox 450 3667 760 3730; x_wconf 65' lang='lat' dir='ltr'><strong>‚est,contronersiam;</strong></span> <span class='ocrx_word' id='word_1_295' title='bbox 788 3681 820 3717; x_wconf 85' lang='lat' dir='ltr'><strong>ex</strong></span> <span class='ocrx_word' id='word_1_296' title='bbox 846 3665 986 3717; x_wconf 81' lang='lat' dir='ltr'><strong>neotericis</strong></span> <span class='ocrx_word' id='word_1_297' title='bbox 1007 3664 1127 3715; x_wconf 88' lang='lat' dir='ltr'><strong>ultimum</strong></span> <span class='ocrx_word' id='word_1_298' title='bbox 1151 3662 1214 3715; x_wconf 90' lang='lat' dir='ltr'><strong>mihi</strong></span> <span class='ocrx_word' id='word_1_299' title='bbox 1240 3664 1351 3715; x_wconf 88' lang='lat' dir='ltr'><strong>occurrit</strong></span> <span class='ocrx_word' id='word_1_300' title='bbox 1374 3663 1443 3727; x_wconf 89' lang='lat' dir='ltr'><strong>apud</strong></span> <span class='ocrx_word' id='word_1_301' title='bbox 1468 3661 1601 3715; x_wconf 86' lang='lat' dir='ltr'><strong>Theodor.</strong></span> 
     </span>
    </p>
   </div>
   <div class='ocr_carea' id='block_1_7' title="bbox 379 3751 1603 3831">
    <p class='ocr_par' dir='ltr' id='par_1_7' title="bbox 379 3751 1603 3831">
     <span class='ocr_line' id='line_1_32' title="bbox 379 3751 1603 3831; baseline -0.005 -22"><span class='ocrx_word' id='word_1_302' title='bbox 379 3818 387 3831; x_wconf 29' lang='grc' dir='ltr'><strong><em>ρ</em></strong></span> <span class='ocrx_word' id='word_1_303' title='bbox 474 3755 642 3809; x_wconf 87' lang='lat' dir='ltr'><strong>Metoehitam</strong></span> <span class='ocrx_word' id='word_1_304' title='bbox 661 3770 686 3820; x_wconf 88' lang='lat' dir='ltr'><strong>p.</strong></span> <span class='ocrx_word' id='word_1_305' title='bbox 706 3754 763 3807; x_wconf 80' lang='lat'>541.</span> <span class='ocrx_word' id='word_1_306' title='bbox 800 3752 858 3805; x_wconf 92' lang='lat' dir='ltr'><strong>Uno</strong></span> <span class='ocrx_word' id='word_1_307' title='bbox 876 3753 938 3805; x_wconf 87' lang='lat' dir='ltr'><strong>loco</strong></span> <span class='ocrx_word' id='word_1_308' title='bbox 957 3755 984 3805; x_wconf 94' lang='lat' dir='ltr'><strong>in</strong></span> <span class='ocrx_word' id='word_1_309' title='bbox 1003 3754 1056 3805; x_wconf 87' lang='lat' dir='ltr'><strong>vita</strong></span> <span class='ocrx_word' id='word_1_310' title='bbox 1073 3751 1261 3803; x_wconf 85' lang='lat' dir='ltr'><strong>Demosthenis</strong></span> <span class='ocrx_word' id='word_1_311' title='bbox 1281 3766 1305 3805; x_wconf 88' lang='lat' dir='ltr'><strong>o.</strong></span> <span class='ocrx_word' id='word_1_312' title='bbox 1328 3753 1369 3814; x_wconf 81' lang='lat'><strong>17,</strong></span> <span class='ocrx_word' id='word_1_313' title='bbox 1389 3763 1549 3815; x_wconf 84' lang='lat' dir='ltr'><strong>quamquam</strong></span> <span class='ocrx_word' id='word_1_314' title='bbox 1565 3751 1603 3803; x_wconf 82' lang='lat' dir='ltr'><strong>ibt</strong></span> 
     </span>
    </p>
   </div>
   <div class='ocr_carea' id='block_1_8' title="bbox 407 3840 1605 4770">
    <p class='ocr_par' dir='ltr' id='par_1_8' title="bbox 407 3840 1605 4770">
     <span class='ocr_line' id='line_1_33' title="bbox 475 3840 1605 3911; baseline -0.006 -17"><span class='ocrx_word' id='word_1_315' title='bbox 475 3844 573 3897; x_wconf 87' lang='lat' dir='ltr'><strong>dictum</strong></span> <span class='ocrx_word' id='word_1_316' title='bbox 590 3845 743 3897; x_wconf 87' lang='lat' dir='ltr'><strong>adtribuitur</strong></span> <span class='ocrx_word' id='word_1_317' title='bbox 755 3841 868 3911; x_wconf 79' lang='lat' dir='ltr'><strong>Crobplo</strong></span> <span class='ocrx_word' id='word_1_318' title='bbox 888 3843 1037 3908; x_wconf 83' lang='lat' dir='ltr'><strong>demagogo</strong></span> <span class='ocrx_word' id='word_1_319' title='bbox 1057 3845 1073 3895; x_wconf 90' lang='lat' dir='ltr'><strong>i.</strong></span> <span class='ocrx_word' id='word_1_320' title='bbox 1085 3856 1109 3895; x_wconf 84' lang='lat' dir='ltr'><strong>e.</strong></span> <span class='ocrx_word' id='word_1_321' title='bbox 1127 3840 1278 3905; x_wconf 82' lang='lat' dir='ltr'><strong>Hegesippo</strong></span> <span class='ocrx_word' id='word_1_322' title='bbox 1297 3840 1400 3903; x_wconf 88' lang='lat' dir='ltr'><strong>oratori,</strong></span> <span class='ocrx_word' id='word_1_323' title='bbox 1420 3845 1447 3890; x_wconf 90' lang='lat' dir='ltr'><strong>ut</strong></span> <span class='ocrx_word' id='word_1_324' title='bbox 1465 3840 1605 3890; x_wconf 84' lang='lat' dir='ltr'><strong>evitaretur</strong></span> 
     </span>
     <span class='ocr_line' id='line_1_34' title="bbox 474 3920 1602 3991; baseline -0.004 -13"><span class='ocrx_word' id='word_1_325' title='bbox 474 3926 604 3979; x_wconf 83' lang='lat' dir='ltr'><strong>vocalium</strong></span> <span class='ocrx_word' id='word_1_326' title='bbox 632 3941 791 3991; x_wconf 88' lang='lat' dir='ltr'><strong>concursus,</strong></span> <span class='ocrx_word' id='word_1_327' title='bbox 814 3926 911 3977; x_wconf 84' lang='lat' dir='ltr'><strong>variato</strong></span> <span class='ocrx_word' id='word_1_328' title='bbox 941 3925 1074 3990; x_wconf 84' lang='lat' dir='ltr'><strong>paulisper</strong></span> <span class='ocrx_word' id='word_1_329' title='bbox 1097 3923 1189 3975; x_wconf 88' lang='lat' dir='ltr'><strong>ordine</strong></span> <span class='ocrx_word' id='word_1_330' title='bbox 1214 3929 1240 3973; x_wconf 90' lang='lat' dir='ltr'><strong>et</strong></span> <span class='ocrx_word' id='word_1_331' title='bbox 1266 3922 1366 3973; x_wconf 89' lang='lat' dir='ltr'><strong>omisso</strong></span> <span class='ocrx_word' id='word_1_332' title='bbox 1395 3920 1458 3971; x_wconf 89' lang='lat' dir='ltr'><strong>inde</strong></span> <span class='ocrx_word' id='word_1_333' title='bbox 1482 3921 1602 3983; x_wconf 80' lang='lat' dir='ltr'><strong>articulo,</strong></span> 
     </span>
     <span class='ocr_line' id='line_1_35' title="bbox 475 4000 1604 4081; baseline -0.004 -14"><span class='ocrx_word' id='word_1_334' title='bbox 475 4015 573 4067; x_wconf 86' lang='lat' dir='ltr'><strong>incedit</strong></span> <span class='ocrx_word' id='word_1_335' title='bbox 585 4014 637 4065; x_wconf 90' lang='lat' dir='ltr'><strong>hoc</strong></span> <span class='ocrx_word' id='word_1_336' title='bbox 651 4000 749 4066; x_wconf 86' lang='lat' dir='ltr'><strong>modo:¹</strong></span> <span class='ocrx_word' id='word_1_337' title='bbox 768 4010 803 4073; x_wconf 81' lang='grc' dir='ltr'><strong>ὠς</strong></span> <span class='ocrx_word' id='word_1_338' title='bbox 815 4012 847 4065; x_wconf 79' lang='grc' dir='ltr'><strong>οὐ</strong></span> <span class='ocrx_word' id='word_1_339' title='bbox 867 4015 1019 4081; x_wconf 74' lang='grc' dir='ltr'><strong><em>τεταγμένοι</em></strong></span> <span class='ocrx_word' id='word_1_340' title='bbox 1038 4016 1150 4064; x_wconf 79' lang='grc' dir='ltr'><strong><em>σιτεῖται</em></strong></span> <span class='ocrx_word' id='word_1_341' title='bbox 1170 4005 1302 4079; x_wconf 79' lang='grc' dir='ltr'><strong><em>πόλεμος·</em></strong></span> <span class='ocrx_word' id='word_1_342' title='bbox 1323 4009 1478 4076; x_wconf 68' lang='grc' dir='ltr'><strong><em>ἐπηρμένης</em></strong></span> <span class='ocrx_word' id='word_1_343' title='bbox 1495 4007 1526 4061; x_wconf 73' lang='grc' dir='ltr'><strong>δὲ</strong></span> <span class='ocrx_word' id='word_1_344' title='bbox 1539 4011 1604 4063; x_wconf 80' lang='grc' dir='ltr'><strong><em>κτλ..</em></strong></span> 
     </span>
     <span class='ocr_line' id='line_1_36' title="bbox 475 4092 1602 4169; baseline 0 -20"><span class='ocrx_word' id='word_1_345' title='bbox 475 4112 590 4163; x_wconf 89' lang='lat' dir='ltr'><strong>quocum</strong></span> <span class='ocrx_word' id='word_1_346' title='bbox 615 4112 737 4163; x_wconf 85' lang='lat' dir='ltr'><strong>conpono</strong></span> <span class='ocrx_word' id='word_1_347' title='bbox 757 4096 882 4149; x_wconf 84' lang='lat' dir='ltr'><strong>Themist</strong></span> <span class='ocrx_word' id='word_1_348' title='bbox 907 4114 945 4147; x_wconf 88' lang='lat' dir='ltr'><strong>or.</strong></span> <span class='ocrx_word' id='word_1_349' title='bbox 966 4113 991 4162; x_wconf 92' lang='lat' dir='ltr'><strong>p.</strong></span> <span class='ocrx_word' id='word_1_350' title='bbox 1016 4098 1090 4150; x_wconf 85' lang='grc'>1131)</span> <span class='ocrx_word' id='word_1_351' title='bbox 1116 4098 1215 4169; x_wconf 69' lang='grc' dir='ltr'><strong><em>ἐγείρει</em></strong></span> <span class='ocrx_word' id='word_1_352' title='bbox 1239 4092 1367 4166; x_wconf 75' lang='grc' dir='ltr'><strong><em>πόλεμον</em></strong></span> <span class='ocrx_word' id='word_1_353' title='bbox 1390 4094 1534 4165; x_wconf 75' lang='grc' dir='ltr'><strong><em>ἀκραιφνῆ</em></strong></span> <span class='ocrx_word' id='word_1_354' title='bbox 1555 4101 1602 4149; x_wconf 81' lang='grc' dir='ltr'><strong><em>καλ</em></strong></span> 
     </span>
     <span class='ocr_line' id='line_1_37' title="bbox 407 4175 1602 4249; baseline 0.001 -17"><span class='ocrx_word' id='word_1_355' title='bbox 407 4218 411 4223; x_wconf 86' lang='grc'>-</span> <span class='ocrx_word' id='word_1_356' title='bbox 475 4175 639 4248; x_wconf 83' lang='grc' dir='ltr'><strong><em>σιτούμενον</em></strong></span> <span class='ocrx_word' id='word_1_357' title='bbox 664 4177 714 4247; x_wconf 85' lang='grc' dir='ltr'><strong>οὐχ</strong></span> <span class='ocrx_word' id='word_1_358' title='bbox 738 4175 888 4249; x_wconf 79' lang='grc' dir='ltr'><strong><em>ὡρισμένα.</em></strong></span> <span class='ocrx_word' id='word_1_359' title='bbox 935 4178 1053 4244; x_wconf 82' lang='lat' dir='ltr'><strong>Itemque</strong></span> <span class='ocrx_word' id='word_1_360' title='bbox 1075 4182 1102 4231; x_wconf 89' lang='lat' dir='ltr'><strong>in</strong></span> <span class='ocrx_word' id='word_1_361' title='bbox 1125 4182 1179 4233; x_wconf 89' lang='lat' dir='ltr'><strong>vita</strong></span> <span class='ocrx_word' id='word_1_362' title='bbox 1204 4179 1258 4240; x_wconf 80' lang='lat' dir='ltr'><strong>Cat,</strong></span> <span class='ocrx_word' id='word_1_363' title='bbox 1282 4182 1343 4245; x_wconf 81' lang='lat' dir='ltr'><strong>maj.</strong></span> <span class='ocrx_word' id='word_1_364' title='bbox 1368 4196 1391 4234; x_wconf 89' lang='lat' dir='ltr'><strong>c.</strong></span> <span class='ocrx_word' id='word_1_365' title='bbox 1417 4183 1432 4233; x_wconf 87' lang='lat'>8</span> <span class='ocrx_word' id='word_1_366' title='bbox 1459 4182 1487 4231; x_wconf 92' lang='lat' dir='ltr'><strong>in</strong></span> <span class='ocrx_word' id='word_1_367' title='bbox 1511 4182 1602 4235; x_wconf 85' lang='lat' dir='ltr'><strong>verbis</strong></span> 
     </span>
     <span class='ocr_line' id='line_1_38' title="bbox 475 4257 1603 4339; baseline 0 -20"><span class='ocrx_word' id='word_1_368' title='bbox 475 4264 594 4330; x_wconf 83' lang='lat' dir='ltr'><strong>Catonis,</strong></span> <span class='ocrx_word' id='word_1_369' title='bbox 613 4268 754 4319; x_wconf 90' lang='lat' dir='ltr'><strong>multorum</strong></span> <span class='ocrx_word' id='word_1_370' title='bbox 772 4267 915 4317; x_wconf 87' lang='lat' dir='ltr'><strong>imitatione</strong></span> <span class='ocrx_word' id='word_1_371' title='bbox 934 4267 1116 4331; x_wconf 76' lang='lat' dir='ltr'><strong>frequentatis:</strong></span> <span class='ocrx_word' id='word_1_372' title='bbox 1130 4266 1257 4337; x_wconf 80' lang='grc' dir='ltr'><strong><em>χαλεπὸν</em></strong></span> <span class='ocrx_word' id='word_1_373' title='bbox 1269 4272 1325 4339; x_wconf 79' lang='grc' dir='ltr'><strong>μέν</strong></span> <span class='ocrx_word' id='word_1_374' title='bbox 1342 4269 1424 4334; x_wconf 73' lang='grc' dir='ltr'><strong><em>ἐστιν,</em></strong></span> <span class='ocrx_word' id='word_1_375' title='bbox 1444 4257 1466 4319; x_wconf 76' lang='grc' dir='ltr'><strong><em>ὦ</em></strong></span> <span class='ocrx_word' id='word_1_376' title='bbox 1483 4270 1603 4335; x_wconf 77' lang='grc' dir='ltr'><strong><em>πολῖται,</em></strong></span> 
     </span>
     <span class='ocr_line' id='line_1_39' title="bbox 474 4343 1604 4427; baseline -0.003 -19"><span class='ocrx_word' id='word_1_377' title='bbox 474 4352 544 4427; x_wconf 74' lang='grc' dir='ltr'><strong><em>πρὸς</em></strong></span> <span class='ocrx_word' id='word_1_378' title='bbox 560 4358 680 4427; x_wconf 73' lang='grc' dir='ltr'><strong><em>γαστέρα</em></strong></span> <span class='ocrx_word' id='word_1_379' title='bbox 696 4357 796 4424; x_wconf 80' lang='grc' dir='ltr'><strong><em>λέγειν,</em></strong></span> <span class='ocrx_word' id='word_1_380' title='bbox 816 4343 870 4406; x_wconf 77' lang='grc' dir='ltr'><strong><em>ὦτα</em></strong></span> <span class='ocrx_word' id='word_1_381' title='bbox 889 4353 940 4406; x_wconf 75' lang='grc' dir='ltr'><strong>οὐκ</strong></span> <span class='ocrx_word' id='word_1_382' title='bbox 959 4353 1078 4423; x_wconf 74' lang='grc' dir='ltr'><strong><em>ἔχουσαν</em></strong></span> <span class='ocrx_word' id='word_1_383' title='bbox 1098 4372 1130 4407; x_wconf 91' lang='lat' dir='ltr'><strong>ex</strong></span> <span class='ocrx_word' id='word_1_384' title='bbox 1151 4355 1262 4407; x_wconf 87' lang='lat' dir='ltr'><strong>aliorum</strong></span> <span class='ocrx_word' id='word_1_385' title='bbox 1279 4354 1398 4407; x_wconf 88' lang='lat' dir='ltr'><strong>locorum</strong></span> <span class='ocrx_word' id='word_1_386' title='bbox 1418 4356 1604 4420; x_wconf 87' lang='lat' dir='ltr'><strong>conparatione</strong></span> 
     </span>
     <span class='ocr_line' id='line_1_40' title="bbox 474 4432 1604 4514; baseline -0.001 -18"><span class='ocrx_word' id='word_1_387' title='bbox 474 4444 554 4496; x_wconf 88' lang='lat' dir='ltr'><strong>tutius</strong></span> <span class='ocrx_word' id='word_1_388' title='bbox 573 4444 676 4495; x_wconf 85' lang='lat' dir='ltr'><strong>videtur</strong></span> <span class='ocrx_word' id='word_1_389' title='bbox 693 4442 772 4496; x_wconf 83' lang='lat' dir='ltr'><strong>scribi</strong></span> <span class='ocrx_word' id='word_1_390' title='bbox 792 4432 846 4495; x_wconf 79' lang='grc' dir='ltr'><strong><em>ὦτα</em></strong></span> <span class='ocrx_word' id='word_1_391' title='bbox 865 4439 904 4512; x_wconf 76' lang='grc' dir='ltr'><strong>μὴ</strong></span> <span class='ocrx_word' id='word_1_392' title='bbox 923 4442 1043 4511; x_wconf 77' lang='grc' dir='ltr'><strong><em>ἔχουσαν</em></strong></span> <span class='ocrx_word' id='word_1_393' title='bbox 1061 4444 1128 4496; x_wconf 86' lang='lat' dir='ltr'><strong>cont.</strong></span> <span class='ocrx_word' id='word_1_394' title='bbox 1152 4446 1217 4495; x_wconf 81' lang='lat' dir='ltr'><strong>Mor.</strong></span> <span class='ocrx_word' id='word_1_395' title='bbox 1238 4460 1263 4509; x_wconf 86' lang='lat' dir='ltr'><strong>p.</strong></span> <span class='ocrx_word' id='word_1_396' title='bbox 1284 4443 1360 4496; x_wconf 83' lang='grc'>9966</span> <span class='ocrx_word' id='word_1_397' title='bbox 1380 4441 1450 4514; x_wconf 85' lang='grc' dir='ltr'><strong><em>πρὸς</em></strong></span> <span class='ocrx_word' id='word_1_398' title='bbox 1469 4448 1604 4512; x_wconf 75' lang='grc' dir='ltr'><strong><em>γαστέρας</em></strong></span> 
     </span>
     <span class='ocr_line' id='line_1_41' title="bbox 474 4518 1602 4601; baseline 0.001 -22"><span class='ocrx_word' id='word_1_399' title='bbox 474 4518 530 4581; x_wconf 80' lang='grc' dir='ltr'><strong><em>ὦτα</em></strong></span> <span class='ocrx_word' id='word_1_400' title='bbox 547 4524 586 4601; x_wconf 82' lang='grc' dir='ltr'><strong>μὴ</strong></span> <span class='ocrx_word' id='word_1_401' title='bbox 605 4522 720 4596; x_wconf 72' lang='grc' dir='ltr'><strong><em>ἐχούσας</em></strong></span> <span class='ocrx_word' id='word_1_402' title='bbox 738 4536 805 4594; x_wconf 88' lang='lat' dir='ltr'><strong>etp.</strong></span> <span class='ocrx_word' id='word_1_403' title='bbox 825 4528 870 4579; x_wconf 88' lang='lat'><strong>131</strong></span> <span class='ocrx_word' id='word_1_404' title='bbox 886 4543 901 4579; x_wconf 84' lang='lat' dir='ltr'><strong>c</strong></span> <span class='ocrx_word' id='word_1_405' title='bbox 919 4523 989 4596; x_wconf 87' lang='grc' dir='ltr'><strong><em>πρὸς</em></strong></span> <span class='ocrx_word' id='word_1_406' title='bbox 1006 4531 1126 4598; x_wconf 79' lang='grc' dir='ltr'><strong><em>γαστέρα</em></strong></span> <span class='ocrx_word' id='word_1_407' title='bbox 1144 4518 1199 4579; x_wconf 75' lang='grc' dir='ltr'><strong><em>ὦτα</em></strong></span> <span class='ocrx_word' id='word_1_408' title='bbox 1217 4525 1257 4599; x_wconf 80' lang='grc' dir='ltr'><strong>μὴ</strong></span> <span class='ocrx_word' id='word_1_409' title='bbox 1281 4528 1401 4597; x_wconf 77' lang='grc' dir='ltr'><strong><em>ἔχουσαν</em></strong></span> <span class='ocrx_word' id='word_1_410' title='bbox 1418 4537 1444 4581; x_wconf 83' lang='lat' dir='ltr'><strong>et</strong></span> <span class='ocrx_word' id='word_1_411' title='bbox 1464 4544 1489 4595; x_wconf 86' lang='lat' dir='ltr'><strong>p.</strong></span> <span class='ocrx_word' id='word_1_412' title='bbox 1510 4530 1559 4581; x_wconf 86' lang='grc'>198</span> <span class='ocrx_word' id='word_1_413' title='bbox 1576 4530 1602 4593; x_wconf 86' lang='grc'>(1,</span> 
     </span>
     <span class='ocr_line' id='line_1_42' title="bbox 475 4614 1604 4683; baseline 0.001 -14"><span class='ocrx_word' id='word_1_414' title='bbox 475 4616 546 4669; x_wconf 87' lang='lat' dir='ltr'><strong>uude</strong></span> <span class='ocrx_word' id='word_1_415' title='bbox 564 4615 726 4681; x_wconf 87' lang='lat' dir='ltr'><strong>deprompsit</strong></span> <span class='ocrx_word' id='word_1_416' title='bbox 742 4630 790 4667; x_wconf 86' lang='lat' dir='ltr'><strong>sua</strong></span> <span class='ocrx_word' id='word_1_417' title='bbox 806 4614 938 4670; x_wconf 87' lang='lat' dir='ltr'><strong>Stobaeus</strong></span> <span class='ocrx_word' id='word_1_418' title='bbox 956 4614 1043 4668; x_wconf 80' lang='lat' dir='ltr'><strong>Floril.</strong></span> <span class='ocrx_word' id='word_1_419' title='bbox 1061 4615 1113 4680; x_wconf 90' lang='lat' dir='ltr'><strong>Vl,</strong></span> <span class='ocrx_word' id='word_1_420' title='bbox 1132 4617 1180 4681; x_wconf 78' lang='lat'><strong>54,</strong></span> <span class='ocrx_word' id='word_1_421' title='bbox 1200 4630 1278 4681; x_wconf 87' lang='lat' dir='ltr'><strong>quam</strong></span> <span class='ocrx_word' id='word_1_422' title='bbox 1296 4618 1469 4683; x_wconf 84' lang='lat' dir='ltr'><strong>suspitionem</strong></span> <span class='ocrx_word' id='word_1_423' title='bbox 1487 4620 1538 4671; x_wconf 83' lang='lat' dir='ltr'><strong>etsi</strong></span> <span class='ocrx_word' id='word_1_424' title='bbox 1555 4619 1604 4670; x_wconf 87' lang='lat' dir='ltr'><strong>du-</strong></span> 
     </span>
     <span class='ocr_line' id='line_1_43' title="bbox 474 4700 1604 4770; baseline -0.004 -13"><span class='ocrx_word' id='word_1_425' title='bbox 474 4702 593 4758; x_wconf 85' lang='lat' dir='ltr'><strong>bitationi</strong></span> <span class='ocrx_word' id='word_1_426' title='bbox 611 4700 695 4768; x_wconf 74' lang='lat' dir='ltr'><strong>magis</strong></span> <span class='ocrx_word' id='word_1_427' title='bbox 719 4703 796 4755; x_wconf 83' lang='lat' dir='ltr'><strong>etiam</strong></span> <span class='ocrx_word' id='word_1_428' title='bbox 815 4716 876 4755; x_wconf 86' lang='lat' dir='ltr'><strong>esse</strong></span> <span class='ocrx_word' id='word_1_429' title='bbox 895 4702 1036 4757; x_wconf 80' lang='lat' dir='ltr'><strong>obnoxiam</strong></span> <span class='ocrx_word' id='word_1_430' title='bbox 1053 4702 1156 4767; x_wconf 86' lang='lat' dir='ltr'><strong>sentio,</strong></span> <span class='ocrx_word' id='word_1_431' title='bbox 1176 4702 1380 4769; x_wconf 83' lang='lat' dir='ltr'><strong>praetermittere</strong></span> <span class='ocrx_word' id='word_1_432' title='bbox 1397 4700 1516 4770; x_wconf 73' lang='lat' dir='ltr'><strong>religioni</strong></span> <span class='ocrx_word' id='word_1_433' title='bbox 1534 4702 1604 4757; x_wconf 84' lang='lat' dir='ltr'><strong>duxi.</strong></span> 
     </span>
    </p>
   </div>
   <div class='ocr_carea' id='block_1_9' title="bbox 0 0 1856 5625">
    <p class='ocr_par' dir='ltr' id='par_1_9' title="bbox 0 0 1856 5625">
     <span class='ocr_line' id='line_1_44' title="bbox 0 0 1856 5625; baseline 0 0"><span class='ocrx_word' id='word_1_434' title='bbox 0 0 1856 5625; x_wconf 95' lang='lat' dir='ltr'><strong> </strong></span> 
     </span>
    </p>
   </div>
  </div>
 </body>
</html>
