3700 5625
726 643 940 711 ..89-

162 790 163 801 ’
271 806 380 888 utpote
406 805 442 872 in
469 805 591 878 laxiore
618 829 657 876 ac
689 807 871 878 voluntaria
895 811 996 897 magis
1026 810 1263 896 conpositione,
1298 810 1395 878 scribi

269 910 386 978 licebat
404 909 442 978 τί
461 912 570 980 δεινὸν
585 913 616 981 εὶ
630 915 708 1004 μονὴ
731 918 808 983 νοῦν
821 912 942 999 ἔχουσα
966 917 1176 1006 πρεσβυτέρα
1195 912 1391 1005 κυβερνήσει

268 1015 364 1083 νέου
386 1013 482 1102 βίον
501 1015 633 1111 ἀνδρός.
674 1020 764 1089 Idem
783 1028 895 1090 contra
906 1022 1094 1090 vocabulum
1108 1022 1143 1086 ni
1157 1019 1250 1087 fallor
1263 1020 1383 1103 inpune

269 1138 340 1183 cum
361 1119 452 1186 nulla
471 1120 626 1188 librorum
647 1121 855 1204 dissensione,
876 1122 1017 1188 naturali
1039 1143 1095 1188 suo
1117 1125 1154 1186 ut
1174 1140 1234 1203 par
1254 1123 1323 1184 erat
1343 1139 1392 1183 or-

267 1216 341 1286 dine
361 1226 501 1304 retento,
521 1225 646 1294 hiatum
665 1249 779 1312 parere
800 1229 889 1296 vides
909 1230 945 1295 in
964 1227 1069 1314 Symp.
1091 1226 1149 1305 111,
1172 1233 1200 1304 7,
1226 1229 1393 1307 ipsese

267 1325 339 1388 τοῦ
359 1326 458 1393 νέου
480 1324 601 1398 οἷ’νου
618 1327 782 1421 Ἀθήνησι
795 1333 856 1417 μέν
872 1330 1030 1422 ἑνδεκάτῃ
1044 1331 1147 1420 μηνὸς
1161 1327 1391 1418 κατάρχονται,

267 1450 363 1515 (ΙΠΘΠΙ
383 1433 489 1503 locum
509 1459 678 1522 perperam
699 1440 908 1526 adtemptavit
928 1439 1124 1520 Benselerus,
1146 1441 1182 1504 ut
1202 1436 1258 1522 qui
1279 1435 1392 1501 substi-

266 1536 394 1622 tuturus
418 1545 501 1607 esset
520 1541 578 1629 τὸν
601 1533 690 1609 οἶνον
713 1585 752 1596 -
777 1541 1017 1634 κατάρχονται,
1049 1563 1120 1608 cum
1141 1539 1273 1624 propius
1294 1537 1395 1604 multo

268 1634 295 1700 ei
315 1643 491 1720 oporteret,
522 1643 564 1709 ad
585 1644 709 1711 oodioes
731 1645 890 1731 corrigere
910 1644 1066 1728 potuisset
1093 1645 1167 1709 τοῦ
1196 1640 1293 1706 νέου
1318 1639 1394 1722 μὲν

270 1734 392 1807 σ’ίνου
416 1739 646 1833 Ἀθήνησιν
669 1745 826 1837 ἑνδεκάτῃ
848 1745 951 1835 μηνὸς
972 1743 1203 1837 κατάρχονται.
1250 1742 1312 1810 Sed
1331 1763 1393 1828 quo

267 1845 373 1914 minus
393 1850 429 1914 in
455 1851 507 1918 his
527 1854 698 1940 quicquam
717 1855 898 1924 novandum
919 1856 1074 1938 suspicor,
1103 1857 1194 1920 tanto
1221 1851 1324 1936 magis
1344 1851 1389 1916 vi-

269 1947 408 2016 dendum
428 1958 491 2035 est,
523 1977 565 2023 ne
593 1957 740 2025 licentiae
768 1958 863 2026 huius
894 1957 984 2044 (quid
1005 1956 1090 2024 enim
1112 1954 1200 2022 aliud
1222 1953 1390 2038 adpellem)

267 2055 395 2120 termini
414 2057 498 2125 iusto
517 2059 613 2128 latius
626 2067 853 2149 propagentur,
869 2063 955 2148 quod
974 2061 1134 2145 inpriore
1155 2060 1225 2127 loco
1240 2059 1393 2126 accidisse

269 2155 395 2223 videtur
415 2160 593 2229 Bcnselcro.
637 2165 687 2231 Ad
709 2187 803 2250 quem
823 2165 879 2250 qui
909 2163 1131 2249 conparaverit
1149 2164 1230 2229 Plut.
1253 2163 1391 2228 Demetr.

268 2279 292 2323 c.
319 2265 361 2328 38
390 2263 447 2328 καὶ
478 2261 663 2354 παραλύειν
696 2261 824 2356 άτρέμα
853 2267 909 2333 καί
940 2263 1132 2355 θεραπείας
1161 2257 1300 2351 άμελείᾳ
1331 2261 1388 2326 καί

268 2371 433 2456 τροφῆς
453 2363 596 2462 άποχῇ
620 2373 660 2439 τὸ
683 2376 796 2458 σῶμα,
818 2395 883 2439 non
909 2361 1083 2451 dubitabit,
1111 2371 1189 2455 quin
1209 2369 1315 2435 hiatus
1337 2390 1390 2434 cx·

267 2472 372 2554 piatus
394 2475 515 2543 sithoc
536 2478 630 2545 modo
653 2473 787 2566 ἁγνείας
807 2478 910 2568 μέρος
933 2473 1093 2560 ἰχθύων
1114 2470 1264 2562 άποχή.

354 2579 393 2644 In
414 2580 484 2646 loco
504 2582 580 2649 libri
594 2583 658 2662 IX,
682 2591 713 2662 1,
732 2588 751 2649 2
770 2603 801 2666 p.
818 2588 914 2661 7372,
935 2582 991 2650 ubi
1013 2581 1221 2666 inquisiturus
1240 2578 1279 2646 de
1293 2579 1389 2645 versi-

267 2679 326 2744 bus
355 2686 532 2764 opportune
554 2689 611 2750 aut
631 2706 719 2751 secus
748 2683 975 2768 pronuntiatis,
1006 2689 1079 2766 post
1108 2683 1172 2748 alia
1199 2681 1392 2747 mentionem

266 2787 358 2854 inicit
385 2791 489 2874 pueri,
525 2793 582 2877 qui
616 2792 754 2878 genuino
789 2814 919 2876 prorsus
947 2793 1069 2876 patriae
1102 2813 1209 2857 amore
1238 2789 1391 2873 perfusae,

266 2915 374 2959 coram
404 2896 568 2977 Mummio,
608 2897 753 2963 Corinthi
781 2918 941 2977 eversore,
973 2896 1059 2962 haud
1088 2896 1207 2962 veritus
1237 2894 1279 2960 sit
1307 2895 1392 2960 huno

265 3017 393 3061 versum
413 2998 572 3085 Odysseae
595 3002 733 3069 seribere

351 3096 423 3187 τρίς
444 3097 592 3191 μάκαρες
612 3098 745 3166 Δαναοί
767 3097 824 3165 καί
846 3095 1007 3187 τετράκις,
1033 3090 1069 3162 οἳ
1087 3088 1154 3161 τότ’
1177 3088 1305 3175 dicato,

263 3203 405 3269 nondum
419 3211 605 3288 personatus
621 3211 670 3272 est
689 3206 777 3271 locus
798 3201 855 3269 καί
877 3202 940 3290 γὰρ
964 3204 1092 3269 παθεῖν
1110 3226 1143 3267 τι
1154 3198 1210 3267 τὸν
1230 3197 1391 3286 Μόμμιόν

265 3325 353 3391 φασι
377 3304 434 3370 καί
457 3306 620 3393 δακρῦσαι
642 3305 713 3387 καί
733 3302 898 3383 πάντας
921 3298 1100 3391 άφεῖναι
1124 3302 1388 3389 ἐλευθέρους

263 3406 343 3485 τοὺς
365 3413 412 3494 τῷ
442 3409 541 3474 παιδί
563 3405 804 3498 προσήκοντας.
856 3409 896 3473 In
915 3409 966 3474 his
988 3413 1025 3473 ut
1053 3406 1263 3473 intolerabilis
1285 3427 1386 3471 remo-

263 3519 393 3581 veretur
420 3514 527 3581 hiatus
563 3515 733 3583 Benselero
760 3515 916 3598 placuisse
943 3515 1084 3581 inserere
1113 3512 1282 3579 articulum
1316 3519 1390 3579 ante

264 3617 468 3707 ἐλευθέρους
495 3636 595 3703 prope
625 3624 675 3685 est
702 3626 739 3684 ut
767 3620 921 3704 indigner.
971 3617 1055 3697 Quid
1084 3617 1208 3683 multa?
1241 3618 1315 3684 Una
1343 3623 1392 3685 est

261 3743 364 3805 eaque
397 3722 574 3789 certissima
608 3722 787 3790 emendatio
822 3726 849 3789 si
883 3724 1083 3811 ἐλευθέρους
1123 3723 1218 3805 plane
1248 3726 1389 3791 eiciatur.

261 3824 355 3904 Quod
381 3826 635 3893 additamentum
662 3833 772 3895 estex
799 3849 837 3895 eo
859 3849 990 3912 genere,
1021 3827 1109 3893 cuius
1131 3824 1271 3910 plurima
1290 3828 1390 3898 libros

168 3934 172 3939 ’
260 3932 469 3998 Plutarcheos
483 3933 627 4000 obsidere
643 3935 767 4017 saepius
781 3933 902 4000 dietum
918 3938 966 3999 cst
983 3932 1094 4015 (Cobet
1103 3933 1168 4000 VL.
1180 3956 1210 4018 p.
1225 3939 1284 4001 371
1300 3937 1389 4021 squ).

260 4036 385 4121 Nempe
396 4058 461 4103 non
476 4037 635 4104 intellexit
646 4038 758 4118 scriba,
770 4037 927 4122 quomodo
943 4024 1078 4126 ἀφεῖναι
1091 4058 1149 4121 per
1166 4058 1199 4102 se
1212 4034 1389 4119 significare

258 4140 404 4224 potuerit
431 4144 558 4207 liberam
585 4145 710 4227 σίιρκεοι
737 4146 898 4221 dimittere,
929 4142 985 4226 qui
1011 4142 1074 4207 isto
1102 4142 1318 4224 supplemento
1348 4140 1390 4205 ad

259 4246 496 4312 inlustrandam
532 4247 723 4313 sententiam
756 4268 835 4330 opus
872 4260 939 4315 esse
977 4246 1128 4314 credebat
1157 4246 1217 4343 vel·
1236 4247 1390 4315 memoria

259 4353 395 4420 tenebat
414 4352 534 4420 similes
555 4353 702 4420 similiter
724 4355 937 4421 conformatos
961 4354 1046 4419 locos
1068 4350 1153 4434 apud
1175 4351 1389 4435 Plutarchum,

259 4460 361 4527 veluti
379 4460 416 4525 in
429 4460 496 4526 vita
508 4460 646 4526 Demetr.
665 4464 701 4527 15
717 4456 803 4527 άίστε
825 4458 1008 4546 ἐλευθέρας
1028 4454 1165 4547 άφεῖναι
1183 4458 1243 4538 τὰς
1260 4456 1387 4541 πόλεις.

258 4561 416 4629 Geminus
437 4565 486 4627 est
506 4561 594 4628 locus
608 4561 819 4627 commenticii
834 4560 996 4625 Plutarchi
1015 4558 1054 4625 de
1070 4559 1143 4623 mul.
1161 4559 1232 4627 virt.
1249 4581 1279 4643 p.
1294 4562 1386 4629 aeod

258 4665 320 4754 τὴν
339 4666 377 4732 δέ
404 4662 607 4750 Τιμόκλειαν
628 4662 766 4755 άφῆκεν,
796 4663 897 4751 αὐτήν
918 4687 955 4729 τε
977 4662 1034 4729 καὶ
1056 4659 1186 4743 πάντας
1208 4660 1283 4731 ὅσοι
1301 4665 1388 4731 κατά

258 4771 357 4861 γένος
379 4764 465 4860 αὐτῇ
487 4766 713 4862 προσήκοντες
736 4767 935 4862 εὑρέθησαν.
