3700 5625
703 562 918 626 ..93-

259 725 367 792 tradita
384 727 450 792 sint
466 747 553 792 nunc
569 724 754 792 adcuratius
767 727 930 811 inquirere
948 725 1167 812 supersedebo.
1200 727 1285 796 illud
1300 749 1372 813 pro-

169 804 171 913 (
259 831 331 896 teoto
350 831 419 896 luce
441 828 560 896 clarius
580 835 643 908 est,
672 851 775 914 neque
796 829 994 895 Herodotum
1016 851 1120 915 neque
1142 851 1195 896 eos
1217 831 1273 916 qui
1295 852 1372 914 pau·

168 920 170 982 3
256 938 371 1019 pertino
396 935 584 1020 plerumque
612 957 757 1002 sermone
785 941 948 1002 auctorem
977 958 1068 1002 suum
1097 935 1237 1003 studiose
1257 957 1372 1020 propa-

256 1049 370 1129 garunt,
389 1064 489 1108 unum
506 1041 641 1108 fortasse
660 1043 688 1106 si
704 1042 867 1126 exceperis
879 1041 1061 1121 Diodorum,
1083 1043 1173 1108 cuins
1192 1043 1297 1110 tenuis
1317 1043 1372 1108 ad-

257 1147 376 1212 modum
406 1148 443 1211 in
474 1147 526 1211 his
556 1145 652 1212 rebus
681 1145 870 1223 auctoritas,
902 1167 1095 1230 quamquam
1131 1145 1273 1212 narratio
1304 1145 1376 1228 ipsa

256 1255 394 1321 uberiore
409 1253 525 1320 induta
543 1259 593 1320 est
605 1274 763 1331 sermone,
784 1253 825 1320 de
839 1253 903 1320 atio
916 1253 1091 1320 bestiarum
1107 1275 1221 1339 genere
1235 1254 1376 1339 cogitare

253 1363 384 1446 potuisse
404 1384 501 1447 quam
522 1360 562 1427 de
585 1361 691 1429 subus.
733 1361 818 1439 Quas
838 1381 897 1443 per
916 1382 951 1426 se
971 1359 1054 1426 nihil
1075 1359 1220 1445 inpedire
1241 1343 1391 1439 videtur,'

253 1471 413 1554 quominus
432 1469 467 1534 in
483 1468 550 1533 solo
568 1467 698 1534 madido
714 1489 752 1533 ac
772 1466 876 1532 lutoso
896 1468 1007 1533 statim
1027 1472 1101 1550 post
1115 1465 1181 1532 Nili
1195 1487 1373 1552 regressum

253 1576 418 1659 gratiorem
439 1575 537 1640 etiam
564 1573 627 1639 sibi
648 1572 789 1639 cibatum
817 1571 929 1658 (veluti
958 1577 1132 1654 serpentes,
1159 1575 1196 1636 ut
1223 1573 1373 1638 distincte

252 1679 408 1745 adnotavit
420 1678 500 1744 Plim
514 1677 547 1746 h.
560 1699 592 1747 n
608 1675 664 1756 XI,
685 1681 736 1755 53,
754 1681 832 1752 279)
846 1674 1063 1758 reppererint,
1080 1695 1176 1760 quam
1188 1675 1322 1752 semina,
1336 1678 1375 1738 ut

253 1782 381 1848 atterum
405 1781 507 1847 altero
526 1802 581 1847 eas
600 1785 789 1863 praeoptare
809 1780 950 1862 potuisse
972 1778 1124 1846 credibile
1143 1779 1193 1844 sit
1231 1777 1270 1843 Id
1288 1778 1374 1862 quod

253 1905 358 1950 moneo
379 1904 490 1949 eorum
510 1882 722 1964 interpretum
747 1879 865 1964 gratia,
895 1900 987 1964 quos,
1021 1901 1092 1945 oum
1117 1877 1252 1945 mirifico
1278 1879 1372 1962 plane

253 1994 423 2054 commento
437 2009 509 2054 sues
523 1987 599 2052 huic
610 1986 736 2051 muneri
753 1986 873 2050 mistico
887 1989 1059 2069 propterea
1074 1984 1219 2050 adhiberi
1233 1984 1373 2067 potuisse

250 2094 367 2172 negant,
389 2087 475 2172 quod
488 2086 693 2152 devorassent
712 2087 819 2169 potius
840 2088 969 2167 semina,
991 2109 1088 2172 quam
1107 2089 1142 2152 in
1161 2087 1227 2154 solo
1241 2087 1370 2171 depres-

250 2197 372 2276 sissent,
401 2217 467 2260 non
488 2195 662 2261 absterruit
681 2199 731 2260 tot
751 2196 944 2278 scriptorum
965 2215 1150 2274 consensus,
1180 2216 1243 2279 quo
1266 2196 1371 2260 minus

251 2324 286 2366 ex
305 2301 401 2367 subus
420 2301 517 2366 boves
535 2297 640 2366 facere
659 2299 920 2384 adgrederentur.
962 2298 1061 2383 Atqui
1083 2299 1232 2384 Aegyptii
1252 2299 1375 2364 semina

249 2517 395 2584 pyramides
424 2520 497 2566 eruta
515 2513 588 2581 opud
606 2513 769 2579 Wilkiusun‚
794 2516 816 2564 A
837 2515 939 2566 second
963 2515 1045 2568 series
1064 2515 1094 2567 oi
1110 2515 1156 2567 tho
1173 2515 1295 2570 Menners
1320 2517 1373 2570 und

250 2600 370 2654 Customs
389 2603 419 2653 ot
433 2601 479 2652 the
497 2602 601 2652 oueieut
618 2599 762 2670 Egyptians
781 2601 841 2653 Vol.
861 2605 870 2652 t
887 2617 915 2668 p.
933 2603 981 2668 38,
1003 2609 1031 2654 ut
1049 2619 1101 2656 nou
1121 2605 1193 2656 omni
1214 2609 1300 2657 careat
1318 2606 1373 2660 veri

249 2692 424 2744 similitudinis
444 2692 548 2758 speeie,
567 2689 616 2742 has
632 2706 696 2742 sues
714 2696 787 2743 natas
805 2691 911 2743 esseio
935 2693 1049 2746 cerebris
1067 2708 1158 2744 eorum
1177 2695 1222 2758 qui
1238 2693 1280 2744 vel
1297 2693 1374 2760 primi

246 2781 307 2835 haec
320 2782 509 2852 Aegyptiorum
524 2781 703 2833 rusticantium
717 2781 823 2847 negotia
836 2787 1041 2847 conspexerunt,
1060 2781 1103 2833 vel
1116 2783 1176 2847 qui,
1195 2781 1276 2847 idque
1289 2781 1371 2835 multo

246 2872 405 2937 probabilius
419 2876 475 2935 cst,
496 2869 599 2923 tabulas
617 2884 698 2936 opera
716 2870 812 2922 rustica
823 2870 1011 2939 Aegyptiorum
1031 2868 1184 2923 exhibentes
1203 2869 1374 2936 neglegenter

245 2959 463 3024 perlustraverunt
483 2962 509 3009 et
528 2972 663 3023 caprarum
683 2956 744 3009 loco
763 2974 826 3009 sues
844 2958 895 3011 sibi
913 2958 1013 3009 vidisse
1032 2957 1197 3023 videbantur,
1218 2974 1279 3011 eum
1297 2974 1372 3026 prue-

245 3047 330 3097 sertim
352 3061 438 3111 genno
458 3060 594 3113 caprorum
612 3047 830 3115 Aegyptiacorum
853 3061 946 3112 purum
966 3046 1100 3112 cognitum
1122 3053 1194 3099 esset
1213 3046 1371 3102 Graecorum

245 3135 490 3202 peregrinatoribus.
533 3132 653 3186 Ceterum
676 3136 712 3186 itu
731 3134 766 3185 de
784 3133 834 3185 hue
852 3150 880 3184 re
898 3135 1026 3187 enarravit
1045 3132 1192 3187 Willrinson
1211 3136 1229 3187 1.
1246 3134 1262 3188 l.
1281 3153 1307 3204 p.
1326 3138 1370 3203 ts,
1418 3138 1422 3145 '

246 3238 308 3288 quae
325 3226 428 3290 integra
444 3221 497 3274 hoe
515 3222 576 3275 loco
595 3223 717 3277 subicere
734 3224 821 3275 visum
839 3230 893 3275 oet:
917 3222 999 3275 There
1016 3224 1064 3275 tae
1082 3227 1140 3275 been
1154 3243 1220 3275 rome
1238 3226 1313 3276 doubt
1330 3244 1371 3275 re-

245 3316 354 3380 rpeetinp
368 3314 409 3364 tte
425 3313 562 3363 admiratore
576 3315 610 3379 of
621 3314 699 3365 werre
716 3314 767 3363 into
785 3314 826 3364 tbe
841 3313 921 3376 fielde
938 3316 1007 3380 ofier
1016 3314 1057 3365 tite
1075 3314 1228 3376 inundatioo,
1250 3314 1303 3363 ond
1315 3331 1371 3364 eort-

245 3402 368 3452 eideroble
386 3400 502 3452 autenm
518 3401 567 3451 irae
585 3404 643 3451 beeri
661 3401 789 3466 erpended
801 3418 833 3451 ou
855 3402 896 3451 tte
913 3412 1040 3453 statement
1059 3403 1094 3467 of
1106 3401 1259 3452 Herodorus.
1296 3400 1371 3453 Some

243 3490 302 3541 bove
326 3489 454 3553 objected,
476 3490 532 3539 tbot
551 3490 615 3541 their
637 3490 771 3541 veraciores
792 3490 877 3539 habite
900 3507 964 3540 were
987 3506 1052 3540 more
1076 3488 1149 3555 likely
1167 3499 1192 3539 to
1211 3482 1293 3553 injure
1310 3489 1372 3539 thou

242 3590 265 3630 to
277 3581 370 3641 beorfit
390 3579 431 3629 rte
449 3596 526 3629 caure
543 3580 578 3645 os
591 3578 634 3629 tlte
652 3578 836 3642 husbandmen,
860 3578 912 3629 ond
929 3579 984 3630 tAot
1000 3595 1074 3643 many
1088 3579 1157 3629 other
1173 3578 1280 3629 animale
1296 3579 1372 3646 miptr

243 3672 269 3719 be
285 3668 378 3718 eboreo
387 3668 437 3733 for
452 3668 493 3718 tte
506 3684 619 3733 purpose
636 3670 670 3735 os
680 3668 796 3733 treodiap
812 3668 838 3718 io
854 3668 896 3717 tire
911 3666 987 3732 proin
1005 3666 1107 3717 without
1124 3667 1164 3717 tte
1176 3668 1242 3733 seor
1259 3671 1294 3736 os
1306 3669 1371 3719 tbeir

242 3758 385 3823 destroyr'up
407 3757 476 3807 wdot
498 3756 556 3823 Μ
579 3775 643 3807 urere
667 3758 783 3809 oueuded
805 3769 830 3808 to
852 3775 985 3822 preserve:
1015 3759 1056 3807 but
1074 3758 1115 3808 tbe
1134 3758 1236 3811 leomed
1257 3760 1372 3813 Lorcder

240 3868 297 3917 very
322 3850 443 3915 properly
467 3860 595 3916 suggests,
620 3850 675 3901 tbot
696 3850 817 3916 muztliup
839 3850 902 3901 rtem
926 3849 1009 3901 would
1033 3850 1179 3917 effectuotip
1204 3853 1301 3905 obviate
1321 3852 1371 3905 rtis

240 3939 441 4001 trememtem,
460 3938 513 3988 ond
532 3938 588 3989 rrae
603 3939 645 3989 tire
662 3937 786 3989 duroman
803 3955 861 4003 moy
881 3937 967 3987 allude
984 3948 1008 3988 to
1027 3939 1092 3988 tbeir
1108 3939 1245 3991 odmirriorr
1263 3940 1312 3989 into
1330 3938 1370 3989 tbe

233 4024 317 4085 fielde
332 4022 452 4088 previous
471 4032 496 4072 to
515 4022 555 4073 tte
574 4022 671 4087 eowirrp
688 4024 722 4085 of
733 4022 773 4072 tte
789 4022 879 4087 proin,
902 4024 953 4089 sor
975 4023 1016 4073 tire
1036 4041 1148 4089 purpose
1166 4024 1201 4088 of
1218 4022 1371 4087 oleariop

238 4112 290 4161 tte
312 4109 392 4159 lond
410 4112 454 4173 os
471 4120 562 4160 rooto
581 4110 646 4160 ond
662 4110 801 4159 noxiores
819 4110 940 4174 aceede,
958 4112 1042 4163 wbose
1057 4110 1154 4176 prowtb
1173 4127 1227 4159 roos
1241 4110 1371 4175 sououred

220 4196 328 4263 *bytho
351 4206 430 4247 water
450 4197 484 4261 os
500 4196 541 4247 tte
563 4196 725 4247 inundatos:
749 4213 783 4246 ort
808 4197 908 4262 opiur'ou
932 4198 1012 4249 mitet
1037 4199 1059 4247 is
1081 4196 1252 4261 nmnptlrened
1279 4199 1309 4263 by
1329 4198 1370 4249 tbe

237 4280 434 4345 representation
452 4282 487 4346 of
498 4296 563 4329 sonte
580 4280 642 4345 pige
658 4280 731 4344 given
750 4280 776 4330 io
792 4298 811 4332 o
825 4282 945 4346 previous
961 4282 1076 4346 portos
1094 4280 1144 4331 tdr'o
1162 4278 1245 4343 work,
1264 4283 1335 4348 from
1353 4299 1371 4333 o

237 4371 299 4418 tornb
319 4378 348 4418 ot
367 4365 477 4430 Thebes,
503 4368 584 4417 ubere
608 4368 648 4417 tlre
672 4368 839 4419 introductiou
864 4371 899 4435 of
917 4380 997 4419 water
1011 4367 1099 4432 plano
1116 4383 1193 4416 seems
1217 4378 1241 4418 to
1260 4370 1370 4421 indicate

237 4458 277 4508 tle
295 4475 341 4507 ure
358 4459 407 4524 sor
425 4456 505 4507 which
524 4458 580 4523 ιδεμ
597 4475 661 4508 were
680 4459 815 4525 employed.
857 4456 930 4520 Nor,
951 4456 1054 4519 indeed,
1080 4456 1237 4527 considerdnp
1252 4460 1306 4511 bour
1325 4477 1368 4510 un·

237 4545 308 4595 cleon
327 4544 398 4595 thore
416 4543 525 4595 animale
543 4562 607 4595 were
624 4546 772 4596 considered
789 4549 820 4611 by
837 4545 878 4595 tle
890 4544 1049 4609 Epyptiaue‚
1069 4543 1092 4593 ie
1110 4544 1130 4595 it
1148 4543 1223 4612 likely
1240 4547 1295 4597 tbot
1312 4546 1368 4610 they

237 4648 303 4681 were
328 4628 386 4694 kept
398 4631 448 4696 sor
472 4647 521 4695 any
544 4630 778 4696 our-apriculum!
794 4646 935 4695 purpoeee,·
964 4628 1017 4677 aad
1040 4646 1071 4679 no
1095 4647 1140 4681 orte
1163 4630 1212 4681 Aoo
1231 4649 1248 4683 o
1268 4640 1370 4697 greater

237 4732 397 4784 appeareuce
414 4720 449 4785 of
456 4718 610 4786 probability
628 4720 689 4771 tion
705 4720 762 4772 tbot
778 4728 803 4769 to
821 4717 902 4769 witot
919 4716 940 4767 1
954 4717 1018 4769 boue
1036 4718 1147 4771 alludod.
