3700 5625
930 631 1143 693 ...10-

472 796 624 880 πεμπτδς
659 791 768 884 ἔλεγεν
802 793 892 883 ἥκειν
922 790 990 862 ino
1021 797 1082 861 τού
1115 789 1325 878 Ἀνούβιδος,
1363 792 1464 883 ἔρωτι
1496 789 1619 882 αὐτῆς

373 969 378 977 ,
470 897 657 988 ἡσσημένου
686 904 747 966 τοῦ
778 903 865 969 θεοῦ
892 896 1085 977 κελεύοντός
1112 923 1148 964 τε
1179 893 1225 976 ῶς
1245 892 1345 964 αὐτόν
1375 897 1499 964 ἐλθεῖν.
1555 901 1620 986 Τῇ

471 1000 509 1068 δὲ
530 997 644 1079 εύκτός
662 996 680 1065 ό
695 997 792 1086 λόγος
814 992 863 1086 η’ν,
887 997 944 1064 καὶ
964 1003 1039 1077 ταῖς
1060 1023 1096 1065 τε
1118 996 1237 1085 φίλαις
1257 996 1546 1079 ἐνεκαλλωπίζετο
1564 1003 1620 1086 τῇ

471 1103 528 1170 ἐπὶ
544 1101 676 1181 τούτοις
692 1099 828 1180 ἀξιώσει
850 1104 909 1167 τοῦ
925 1096 1122 1185 Ἀνούβιδος
1143 1103 1208 1168 καὶ·
1220 1100 1341 1190 φράζει
1364 1103 1451 1190 πρὸς
1464 1101 1524 1168 τόν
1545 1095 1616 1168 άν-

471 1209 545 1296 δρα,
569 1204 743 1273 δεῖπνόν
765 1229 811 1271 τε
833 1201 940 1294 αὐτῇ
960 1206 1032 1273 καί
1055 1201 1172 1294 εὐνὴν
1193 1210 1255 1272 τοῦ
1271 1201 1465 1290 Ἀνούβιδος
1488 1203 1615 1294 εἰσηγ-

472 1311 604 1396 γέλθαι.
638 1308 820 1398 Συνεχῶρει
843 1303 872 1374 δ’
888 1309 1021 1388 ἐκεῖνος,
1042 1310 1102 1398 τὴν
1124 1308 1344 1398 σωφροσύνην
1364 1313 1423 1398 τῆς
1445 1313 1615 1398 γυναικός

471 1405 740 1494 ἐξεπιστάμενος.
786 1413 900 1499 Χωρεῖ
919 1402 978 1476 οὖν
999 1407 1048 1488 εἰς
1068 1409 1107 1476 τό
1129 1413 1282 1494 τέμενος,
1311 1411 1384 1478 καί
1416 1409 1579 1499 δειπνή
1594 1455 1615 1464 -

472 1537 596 1592 σασα,
620 1507 667 1592 ῶς
686 1510 793 1580 όπνου
816 1511 931 1600 καιρός
950 1505 999 1599 ἦν,
1030 1515 1319 1580 κλεισθεισῶν
1344 1517 1426 1580 τῶν
1454 1518 1613 1602 θυρῶν

472 1610 551 1682 ὑπὸ
571 1619 646 1682 τοῦ
667 1613 836 1706 ἱερέως,
860 1611 954 1684 ἔνδον
975 1615 1010 1682 ἒν
1031 1620 1079 1703 τῷ
1101 1620 1170 1703 ναῷ
1191 1617 1307 1684 καὶτὰ
1324 1618 1424 1700 λύχνα
1447 1615 1611 1684 ἐκποδῶν

383 1727 387 1736 ’
473 1715 520 1810 ἦν,
543 1723 599 1788 καὶ
623 1716 640 1788 ὁ
663 1724 823 1801 Μοῦνδος
846 1723 1114 1812 (προεκέκρυπτο
1136 1724 1200 1814 γάρ
1222 1725 1313 1811 τῇδε)
1331 1719 1390 1807 οὐχ
1412 1720 1612 1814 ἡμάρτανεν

472 1823 609 1910 ὁμιλιῶν
640 1831 706 1894 τῶν
729 1828 816 1915 πρὸς
837 1822 949 1915 αὐτὴν,
983 1823 1161 1908 παννύχιόν
1182 1852 1218 1894 τε
1250 1825 1342 1914 αὐτῷ
1364 1826 1607 1914 διηκονήσατο,

472 1929 678 2018 ὑπειληφυῖα
699 1931 780 1998 θεὸν
796 1926 892 1999 εἶναι.
939 1935 1009 2011 Qua
1029 1935 1064 1998 in
1084 1933 1323 2000 narratiuncula
1335 1933 1429 2000 facilc
1444 1954 1612 2017 quomque
1674 2004 1675 2031 η

472 2059 564 2120 spero
593 2039 778 2122 agniturum
807 2043 929 2120 quauta
958 2039 1001 2103 sit
1029 2060 1102 2104 cum
1129 2045 1255 2106 vetusta
1281 2040 1390 2106 sabula
1418 2041 1454 2106 in
1479 2041 1610 2108 relicua

472 2139 652 2206 differentis
673 2143 806 2204 axioma
827 2138 940 2205 saltem
962 2137 1149 2217 similitudo,
1172 2141 1207 2205 in
1229 2161 1267 2207 eo
1286 2161 1410 2225 quoquc
1429 2141 1609 2222 conspicua

472 2241 557 2325 quod
579 2241 739 2306 simillimo
770 2241 1000 2324 hospitalitatis
1028 2262 1143 2326 genere
1173 2248 1307 2324 excepto
1335 2243 1431 2309 firisse
1460 2241 1609 2308 traditur

472 2348 581 2414 ficticii
607 2347 659 2414 dai
678 2347 834 2414 Anubidis
856 2347 1033 2432 conviva*).

558 2455 633 2519 Post
649 2453 780 2537 longum
800 2454 1028 2520 deverticulum
1042 2454 1085 2519 ad
1100 2454 1307 2519 Plutarchum
1323 2451 1521 2520 redeundum
1544 2460 1606 2531 cst

472 2556 556 2640 apud
577 2578 672 2641 quam
694 2562 868 2640 coquuntur
888 2556 1004 2624 dchinc
1025 2558 1104 2624 haec
1120 2556 1236 2623 rerba:
1260 2555 1316 2621 καὶ
1329 2556 1446 2637 μέντοι
1462 2554 1520 2622 καί
1541 2557 1606 2623 τὸν

472 2660 553 2728 θεόν
568 2660 707 2742 ἐντυχεῖν
721 2662 851 2748 λέγεται
867 2687 908 2750 τη
930 2663 1058 2748 γυναικί
1079 2661 1135 2728 καὶ
1153 2649 1307 2728 κελεύσαι
1324 2661 1473 2746 βαδίζειν
1489 2663 1605 2730 ἕωθεν

473 2765 532 2835 ἐπὶ
550 2766 610 2855 τὴν
632 2761 758 2857 άγοράν
780 2765 840 2834 καὶΙ
857 2765 913 2834 τόν
934 2761 1170 2857 ἀπαντήσαντα
1201 2769 1333 2857 πρῶτον
1355 2762 1602 2856 άσπασαμένην

474 2876 653 2941 ποιεῖσθαι
674 2871 784 2961 φίλον.
836 2868 1040 2960 Ἀπήντησεν
1063 2866 1120 2940 οὖν
1149 2869 1232 2961 αύτῇ
1259 2876 1325 2937 τῶν
1348 2874 1494 2939 πολιτῶν
1516 2868 1602 2962 άνῆρ

472 2974 645 3066 ἡλικίας
666 3004 708 3045 τε
732 2975 877 3065 πόρρω
903 2975 1013 3065 ἥκων
1033 2977 1098 3064 καί,
1115 2974 1311 3058 συνειλοχῶς
1333 2971 1450 3043 οὐσίαν
1472 2976 1599 3066 ίκανὴν,

472 3074 578 3157 δίπαις
600 3080 714 3164 δὲκαὶ
736 3080 905 3163 βεβιωκώς
927 3074 1004 3147 άνευ
1024 3081 1178 3167 γυναικός
1201 3075 1308 3162 όνομα
1328 3078 1523 3169 Ταροότιος.
1558 3082 1601 3149 In

423 3212 426 3217 ²
471 3184 522 3251 his
543 3182 629 3249 haud
649 3181 745 3249 dubis
765 3185 880 3249 vitiata
900 3190 975 3249 sunt
1003 3183 1120 3272 πόρρω
1143 3181 1231 3272 ἥκων
1251 3187 1413 3271 mirorque
1435 3189 1599 3271 patienter

473 3296 539 3357 iam
560 3288 616 3355 diu
637 3290 790 3373 concoqui
819 3290 959 3371 potuisse
980 3289 1198 3356 foedissimum
1219 3292 1360 3356 omnium
1380 3290 1503 3357 hiatum
1524 3298 1559 3359 si
1579 3314 1602 3359 a

472 3388 642 3457 Bensaloro
664 3393 697 3455 et
724 3387 890 3455 ailintoni
917 3389 986 3453 viro
1014 3390 1157 3474 egregio,
1188 3391 1316 3474 quicum
1345 3392 1446 3458 mulin
1472 3395 1601 3475 saepius

473 3492 650 3557 consentire
670 3512 767 3576 quam
789 3489 959 3555 dissentire
979 3490 1082 3556 velim.
1133 3491 1179 3557 Ac
1200 3496 1327 3573 poterat
1347 3514 1423 3558 sane
1442 3494 1600 3560 vocalium

474 3614 643 3660 concursus
656 3594 906 3662 commodissime
922 3596 1077 3661 removen·
1090 3596 1265 3661 Pausaniae
1281 3595 1426 3678 exemplo
1443 3596 1492 3678 (x,
1503 3601 1598 3673 aia:

472 3696 550 3785 ἡδὲ
572 3692 634 3786 ἤδη
657 3703 713 3784 τῆς
738 3694 869 3787 ἡλικίας
897 3697 1111 3789 προήκουσα)
1135 3700 1317 3766 scribendo:
1353 3694 1435 3787 άνηρ
1465 3696 1600 3787 ἡλικίας

473 3820 509 3862 τε
533 3792 698 3885 προήκων,
720 3800 783 3875 vel,
804 3798 890 3882 quod
903 3800 1050 3885 inprimis
1070 3797 1226 3874 notabile,
1245 3805 1419 3880 praeeunte
1437 3801 1510 3882 ipso
1523 3800 1596 3867 Plu-

472 3898 584 3965 tarcho
605 3896 705 3965 Alcib.
731 3902 770 3964 18
792 3899 908 3967 Soror.
925 3909 961 3969 '42
986 3897 1066 3988 ἀνὴρ
1087 3895 1200 3987 ἡλικίᾳ
1219 3920 1256 3964 τι
1278 3899 1451 3989 oporinum
1472 3903 1508 3967 in
1528 3902 1590 3969 fra-

542 4123 570 4188 *i
588 4124 702 4175 Deorum
722 4121 867 4189 pulvinaris
884 4120 954 4174 haud
967 4137 1024 4174 τωο
1036 4122 1156 4175 οεῐιυδὶν
1170 4122 1334 4180 lubidinibus
1349 4126 1449 4193 polinic
1462 4142 1532 4196 esse,
1550 4130 1598 4180 nd·

474 4219 558 4283 posits
584 4217 718 4269 iliensium
738 4216 869 4281 uirginum
895 4214 1029 4281 exemplo,
1054 4220 1114 4269 ants
1139 4218 1242 4283 nuptias
1267 4219 1318 4271 dac
1344 4218 1506 4273 Scamandro
1527 4240 1598 4290 παρ-

474 4309 572 4359 οινίαν
590 4305 769 4369 offerentium,
788 4302 924 4369 explicavit
941 4300 1050 4357 Lobscic
1066 4302 1196 4373 Aginopb.
1208 4321 1232 4373 p.
1246 4308 1296 4361 uio
1310 4307 1370 4361 coll.
1381 4308 1505 4365 nesebin.
1516 4309 1597 4377 pr

474 4405 499 4456 p.
513 4391 572 4443 681.
600 4394 685 4457 Atque
703 4393 760 4458 ipsa
778 4388 948 4455 Plutarchus,
968 4390 1044 4443 cuius
1061 4390 1140 4449 nsciis
1158 4391 1223 4447 bace
1242 4399 1313 4446 criu
1327 4410 1434 4447 causam
1453 4398 1597 4451 admonere

474 4476 587 4543 placuit,
606 4477 736 4528 eiusmodi
755 4476 817 4542 quid
836 4474 954 4527 innuisse
972 4474 1074 4529 videtur
1092 4472 1183 4547 Synip,
1196 4491 1221 4545 p.
1236 4478 1314 4532 utic.
1353 4477 1404 4530 Cir.
1419 4480 1597 4546 Friediindcn

473 4562 676 4629 Danieliungen
694 4579 717 4615 ε.
736 4565 761 4616 d.
781 4560 1021 4631 sineugmenon·
1040 4560 1120 4617 Βοοιι
1138 4578 1163 4631 p.
1182 4564 1240 4619 29⁶.
1267 4564 1427 4633 Μττςυετδι,
1448 4569 1596 4623 Handbu'ch

475 4656 503 4730 δε
511 4652 542 4706 R.
555 4654 584 4703 Λ.
600 4650 645 4716 lV,
660 4653 701 4704 87.
738 4652 843 4720 ΡιεΙΙετ,
862 4652 939 4707 scm.
954 4650 1033 4723 byth.
1047 4666 1072 4721 p,
1086 4653 1144 4709 tls.
1177 4652 1210 4707 n
1227 4654 1287 4719 quis
1304 4654 1407 4721 ipsunt
1424 4658 1487 4721 qnid
1503 4656 1598 4711 Veneri

475 4743 609 4795 Praxitelis
629 4741 865 4795 Gnidi'accidoriii
