3700 5625
466 751 591 835 palmae
610 749 840 819 redundaverit
860 771 900 817 ex
920 750 1131 832 nutrimento,
1153 773 1224 818 oum
1249 751 1378 819 libidini
1396 753 1440 818 sit
1454 771 1493 819 ea
1508 755 1588 837 quasi

395 843 399 850 ’
467 855 642 934 inaeoeasa,
669 855 712 922 ad
733 854 877 938 eorporis
899 853 1034 921 formam
1056 855 1244 940 amphorem
1267 860 1301 920 et
1323 857 1427 941 magis
1449 857 1586 922 eximiam

469 961 667 1028 reddendam
697 962 892 1043 insumatur3
921 961 998 1027 hine
1027 963 1168 1029 sterilem
1198 983 1267 1029 esse
1288 962 1323 1027 in
1344 963 1487 1029 Graecia
1520 961 1587 1049 (oe.

466 1068 624 1153 l'heophr.
640 1069 672 1138 h.
693 1067 736 1152 pl
753 1067 815 1148 ΙΠ,
836 1075 871 1148 4,
893 1076 913 1134 b
938 1062 956 1133 ὁ
981 1067 1096 1156 φοῖνιξ
1117 1068 1196 1158 περὶ
1217 1069 1279 1152 μὲν
1298 1069 1487 1148 Βαβυλῶνα
1509 1073 1588 1133 ‹tao-

467 1167 607 1254 μαστύς,
630 1167 666 1234 ἐν
681 1169 724 1257 τῇ
741 1161 878 1233 Ἑλλάδι
892 1167 930 1234 δὲ
949 1160 1027 1234 οὐδὲ
1043 1163 1213 1249 πεπαίνει,
1237 1161 1319 1258 παρ’
1341 1164 1444 1246 ἐνίοις
1459 1166 1496 1234 δὲ
1511 1163 1590 1246 ὅλαις

471 1266 551 1339 οὐδὲ
567 1269 754 1361 προφαίνει
776 1268 918 1360 καρπόν,
942 1271 1045 1356 quode
1063 1270 1135 1338 vide
1150 1271 1258 1351 Fran,
1272 1271 1402 1358 Synops.
1417 1272 1515 1355 plnnt.
1527 1271 1588 1338 flor.

468 1371 560 1440 class.
572 1392 604 1455 p.
619 1376 682 1438 276
703 1376 737 1438 et
753 1371 938 1458 Bartholdy,
958 1371 1177 1440 Bruehstiieke
1199 1378 1257 1440 ete.
1280 1373 1296 1437 Ι
1317 1393 1348 1456 p.
1362 1379 1424 1442 233
1444 1377 1519 1458 not.)
1549 1373 1589 1439 Ut

468 1475 568 1560 igitur
587 1474 623 1538 in
643 1473 695 1541 his
714 1474 893 1560 palmorum
922 1475 1126 1559 praedicatur
1157 1472 1309 1556 εὐταξία,
1344 1478 1463 1562 quippe
1493 1478 1586 1544 excel·

467 1577 564 1644 lentis
600 1577 722 1646 formae
743 1574 986 1659 ‘conservatum
1022 1581 1070 1646 ita
1102 1579 1273 1665 gladiatori
1307 1582 1408 1665 epud
1424 1583 1588 1649 melonum

469 1682 573 1766 Epist
587 1681 711 1751 dismt
725 1682 784 1763 Ill,
806 1690 844 1751 15
854 1683 1070 1751 commendari
1085 1684 1209 1752 videbis
1228 1680 1455 1767 εὐτακτεῖν,
1480 1681 1589 1774 ἀναγ-

469 1795 681 1879 κοφαμεῖκ
706 1789 906 1873 (coniciam.
921 1791 1010 1858 Alex.
1024 1791 1117 1858 Pasd,
1139 1791 1186 1872 H,
1212 1799 1242 1872 1,
1263 1797 1333 1876 211.
1359 1793 1489 1877 163P.),
1512 1787 1589 1860 ἀπί-

467 1898 592 1978 χεσθαι
621 1891 819 1979 πεμμάτων,
852 1894 1081 1982 γυμνάζεσθαι
1111 1896 1196 1986 πρὸς
1234 1889 1392 1985 ἀνάγκην,
1427 1899 1496 1984 [ἐν]
1525 1895 1589 1988 ὥρᾳ

469 1997 667 2084 τεταγμένῃ,
702 1994 738 2061 ἐν
763 1992 923 2081 καύματι,
961 1995 996 2062 ἐν
1025 1992 1139 2087 ψύχει,
1167 1995 1213 2084 μὴ
1237 1997 1367 2087 ψυχρὸν
1396 1994 1519 2079 πίνειν,
1548 1997 1587 2083 με)
1664 2051 1665 2068 2

474 2090 582 2178 ολνον,
605 2092 653 2163 ὅτ’
676 2092 787 2179 ἔτυχεν
809 2099 878 2165 κτλ.
922 2097 1010 2176 Quae
1038 2099 1146 2164 omnia
1171 2119 1243 2165 eum
1270 2099 1487 2182 superioribus
1506 2101 1587 2166 testi-

470 2201 586 2270 moniis
605 2202 653 2270 ita
674 2206 865 2289 oongruunt‚
884 2207 921 2268 ut
939 2202 1033 2286 plane
1055 2202 1180 2270 elueoat
1200 2207 1363 2270 auctorem
1382 2205 1418 2269 in
1444 2204 1589 2286 proximis

469 2307 649 2389 pulmarum
670 2306 931 2390 conparationem
958 2327 1030 2372 oum
1052 2306 1183 2372 athletis
1212 2307 1401 2391 explicatius
1424 2327 1588 2374 enarrasse.

470 2414 510 2478 In
529 2434 593 2497 quo
608 2415 720 2480 mirari
741 2413 829 2479 subit
845 2414 1005 2480 neminem
1021 2413 1233 2495 interpretum
1249 2413 1430 2479 adtendisse
1450 2414 1493 2479 ed
1508 2413 1587 2480 miri-

469 2519 563 2586 fieam
584 2520 730 2588 lectionis
752 2519 984 2600 diversitatem,
1013 2539 1077 2605 que
1105 2519 1229 2586 eodiees
1258 2525 1291 2586 et
1312 2521 1429 2586 vetusti
1451 2520 1528 2587 libri
1545 2521 1588 2584 in-

470 2624 572 2710 pressi
584 2624 671 2691 inter
684 2645 719 2692 ae
734 2630 892 2710 pugnant,
909 2638 1043 2709 quorum
1057 2624 1126 2705 elii,
1149 2625 1204 2709 qui
1220 2624 1260 2690 ad
1276 2623 1373 2692 fidem
1387 2626 1591 2708 suspectiores

469 2731 571 2801 videri
598 2738 743 2819 possunt,
775 2733 857 2798 dant
884 2725 971 2798 ἀλλὰ
991 2730 1050 2819 τὴν
1072 2732 1200 2821 τροφήν
1228 2719 1257 2795 ἀί
1266 2753 1374 2822 οπερ
1408 2723 1592 2819 άθλησιν

471 2839 550 2931 περὶ
571 2840 610 2907 τύ
633 2843 731 2927 σῶμα
751 2844 809 2927 τῆς
830 2834 986 2919 εὐταξίας
1005 2838 1069 2925 (vel
1087 2832 1241 2922 ἀταξίας)
1259 2831 1513 2927 ἀναλισκούσης,
1534 2838 1591 2915 alii,

469 2948 507 3009 ut
520 2942 789 3022 VindobononsiS,
806 2946 972 3027 praestant
986 2934 1071 3005 ἀλλά
1085 2938 1145 3027 τὴν
1160 2940 1288 3027 sportula
1310 2938 1450 3029 ὥςπερ
1471 2940 1592 3027 ἀθλη-

393 3056 395 3059 ’
470 3050 545 3113 τοῦ
564 3050 634 3113 κτλ.
672 3048 723 3115 Ad
736 3049 816 3114 hseo
837 3048 950 3131 siquis
973 3046 1127 3113 memoria
1143 3050 1282 3128 repetat,
1304 3066 1387 3131 quse
1409 3067 1506 3130 supra
1526 3066 1590 3131 pag.

471 3148 611 3216 ltdieta
623 3155 698 3215 sunt
711 3148 751 3215 de
767 3150 940 3232 inportuno
955 3147 1093 3233 quodam
1116 3147 1151 3211 in
1169 3146 1220 3211 his
1233 3146 1325 3212 libris
1344 3147 1591 3231 corruptelarum

470 3272 599 3339 genere,
618 3274 682 3339 quo
698 3252 837 3319 dissecta
849 3251 984 3317 duarum
997 3251 1169 3317 lectionum
1189 3251 1334 3318 membre
1354 3252 1390 3318 in
1405 3274 1504 3318 unum
1525 3274 1588 3319 ooa-

470 3355 591 3424 luerint
604 3377 731 3442 eorpus,
752 3355 847 3423 isrix
862 3355 1025 3421 dubitabit
1039 3356 1117 3439 quin
1129 3356 1234 3439 ipsum
1248 3356 1308 3423 hoo
1323 3356 1475 3423 seoidisse
1489 3357 1589 3423 videa·

469 3467 524 3529 tur
537 3464 574 3529 in
595 3468 703 3530 nostro
721 3461 801 3531 loco.
835 3461 967 3529 dooedit
988 3462 1052 3527 alie
1071 3462 1218 3544 suspitio,
1240 3462 1280 3528 do
1300 3483 1364 3546 qua
1378 3485 1452 3529 mox
1466 3464 1591 3529 minime

471 3568 569 3635 dubio
588 3569 733 3654 exemplo
748 3568 931 3637 edouratius
949 3567 1147 3651 expositsuus
1164 3588 1241 3634 sum.
1276 3567 1354 3635 Cum
1375 3569 1461 3635 enim
1482 3590 1592 3652 perum

470 3674 608 3757 plaeeet,
630 3677 808 3744 sententiae
823 3677 937 3743 seriem
959 3696 1040 3741 novo
1060 3674 1201 3741 subiecto
1223 3674 1343 3753 donem,
1365 3696 1437 3741 eum
1452 3694 1589 3759 praesen·

456 3776 538 3857 dim,
558 3779 671 3864 siquis
684 3780 843 3866 reoeperit
859 3776 974 3869 ὥσπερ
994 3773 1154 3866 ἀθλητοῦ,
1167 3779 1430 3863 perincommon
1451 3802 1493 3847 ne
1508 3779 1594 3845 hiatu

470 3881 600 3969 quidem
627 3884 780 3951 suadente
810 3886 1141 3970 transpositionem*),
1169 3885 1304 3952 traiecta
1330 3885 1433 3951 rideri
1460 3885 1594 3951 debeant

410 4039 413 4045 -
470 3990 576 4071 rerba
597 3990 651 4059 vix
668 3989 802 4059 dubium
816 3991 961 4070 habetur,
985 3992 1064 4078 quin
1084 3990 1262 4059 scribarum
1281 3990 1459 4059 liberalitas
1475 3990 1511 4055 in
1526 4012 1591 4075 gre·

471 4096 551 4163 tiam
571 4093 717 4162 vocabuli
743 4092 964 4177 praecedentis
991 4096 1156 4179 participii
1178 4090 1422 4180 ἀναλισκούσης
1443 4100 1477 4160 et
1499 4114 1594 4179 genus

328 4204 332 4209 ’
470 4207 504 4268 et
525 4223 634 4269 casum
660 4199 894 4268 adulteraverit.
949 4200 1007 4265 His
1038 4201 1189 4285 expositis
1218 4203 1366 4283 prompta
1393 4197 1456 4264 erit
1484 4218 1593 4265 censae

425 4388 437 4413 0
471 4305 666 4374 diiudicatio.
711 4305 812 4373 Credo
835 4304 920 4370 enim
942 4307 1044 4369 totum
1062 4305 1168 4371 locum
1185 4305 1279 4391 longe
1301 4302 1432 4388 propius
1451 4302 1493 4370 ad
1512 4302 1591 4370 eodi-

469 4429 542 4474 eum
563 4410 750 4482 memoriam
779 4413 812 4477 et
838 4406 880 4475 ad
909 4406 1101 4474 sententiam
1129 4408 1294 4495 aliquane
1323 4408 1441 4475 rectius
1464 4408 1510 4477 sio
1530 4407 1593 4477 fere

471 4559 679 4578 -h-u—-w--v-

538 4627 566 4693 ⁸³)
584 4628 641 4693 Qua
658 4630 693 4681 de
711 4646 738 4683 ra
759 4630 828 4684 loeis
846 4629 948 4696 aliquot
965 4627 1093 4681 oonleetis
1111 4634 1172 4695 post
1190 4626 1311 4682 Gerulum
1331 4626 1459 4683 Sintonim
1475 4628 1509 4680 de
1525 4626 1595 4679 biatu

472 4730 499 4786 p.
513 4715 564 4769 snt
582 4729 621 4783 sq.
641 4713 679 4781 (7)
698 4715 852 4770 adnotatum
869 4722 911 4797 eat
927 4731 944 4768 a
961 4730 1005 4767 me
1023 4716 1050 4767 in
1072 4714 1176 4780 Quaest
1196 4716 1264 4772 Plut.
1282 4716 1317 4769 lll
1336 4734 1362 4785 p.
1385 4715 1425 4770 13.
