3700 5625
719 627 935 690 ..45-

270 809 382 856 sanare
392 809 525 872 possem
547 785 667 854 Videor
677 787 763 854 enim
778 786 859 854 mihi
869 787 976 854 videre
987 783 1193 854 Plutarchum
1202 784 1328 854 dedisse
1337 787 1393 854 καὶ

265 890 364 981 νίτριμ
381 889 736 978 συνεσμηγμένος,
761 889 877 974 quibus
896 888 1025 954 confero
1037 885 1296 970 1111110111111111.
1313 892 1392 956 ¹237

494 991 591 1062 ἁλσὶν
612 994 832 1080 διασμηχθεὶς
852 987 956 1060 ὄναιτ’
978 987 1020 1057 ἂν
1043 986 1161 1058 οὑτοσί

262 1108 295 1166 et
316 1101 439 1166 Alexim
461 1098 547 1183 apud
567 1099 681 1166 Athen
704 1097 767 1164 Vll
788 1119 819 1182 p.
840 1103 932 1166 3240

512 1200 570 1286 (τὸ
587 1203 701 1285 σῶμα)
725 1198 855 1288 σμήσας
875 1223 912 1266 τε
927 1198 1065 1274 λεπτοῖς
1085 1191 1165 1262 ἆλσί

263 1306 297 1367 et
312 1321 396 1386 quae
419 1323 459 1366 ex
479 1299 669 1382 Geoponieis
690 1298 753 1365 VII
762 1350 770 1378 ,
791 1305 820 1378 6,
846 1307 879 1366 11
905 1298 1082 1364 affenmtur
1105 1296 1242 1385 σμήχειν
1265 1298 1394 1380 πίθους

260 1400 360 1492 ἅλμῃ.
409 1404 457 1472 De
476 1405 546 1488 ipso
567 1405 731 1487 conposito
754 1399 941 1492 σσσμὴχειν,
962 1406 1023 1472 etsi
1043 1405 1131 1470 nullo
1152 1405 1297 1486 exemplo
1318 1424 1390 1470 oon·

259 1513 382 1579 firmari
403 1520 510 1597 potest
531 1513 748 1602 (διασμὴχειν
768 1515 934 1597 usurpavit
954 1515 1052 1582 etium
1073 1513 1263 1581 Plutarchus
1285 1512 1389 1599 Symp.

259 1619 320 1699 VI,
343 1627 380 1700 7,
402 1627 422 1688 2
444 1643 475 1705 p.
499 1621 588 1690 119311
614 1621 694 1689 οοσΙ.
718 1621 844 1688 Iobeok
873 1621 916 1686 sd
935 1621 1049 1706 Pbryn
1077 1642 1107 1705 p.
1131 1625 1194 1688 253
1215 1629 1276 1706 sq.)
1297 1641 1391 1686 nemo

259 1727 373 1808 opinor
393 1727 565 1794 tricabitur
592 1733 665 1810 post
684 1749 723 1794 ea
744 1749 826 1810 quae
848 1727 889 1794 de
915 1728 1045 1813 ingente
1073 1732 1200 1793 caterva
1220 1727 1389 1793 verborum

258 1851 331 1896 oum
352 1827 421 1910 σύν,
449 1828 535 1921 πρός
560 1837 595 1897 et
611 1827 679 1920 πρό
698 1832 934 1916 conpositomm
957 1832 1125 1896 scitissime
1145 1830 1269 1895 monuit
1292 1829 1392 1896 Cobet

257 1935 410 2001 Mnemos.
436 1939 569 2019 186011.
592 1940 633 2002 69
655 1941 689 2000 et
707 1956 766 2020 ego
792 1934 919 2013 Quaest.
943 1933 1025 2002 Plut.
1047 1933 1097 1998 III
1116 1953 1147 2016 p.
1170 1938 1229 2013 203
1253 1954 1291 1998 oc
1311 1931 1390 1998 satis

258 2039 293 2104 id
316 2045 447 2105 tuentur
468 2040 629 2106 simillima
650 2039 796 2123 exempla
817 2039 914 2105 veluti
935 2033 1145 2122 σομπάσσειν
1163 2036 1234 2102 ulia

345 2141 408 2209 Sed
429 2142 559 2210 Stobaei·
579 2146 835 2211 commemoratio
855 2143 897 2210 od
915 2143 1096 2210 Aristotelis
1124 2142 1229 2208 locum
1248 2163 1299 2208 me
1321 2146 1385 2208 tra·

257 2246 365 2325 ducit,
391 2247 427 2332 in
453 2267 517 2331 quo
554 2247 752 2314 emendando
781 2248 975 2330 interpretes
1005 2269 1135 2330 operam
1166 2246 1285 2312 frustra
1313 2267 1386 2314 oon·

256 2354 469 2432 sumpserunt.
498 2349 642 2417 Servavit
664 2373 736 2419 eum
750 2350 903 2419 Stobaeus
924 2353 959 2416 in
973 2351 1029 2418 ecl.
1043 2352 1132 2436 phys
1153 2371 1185 2434 p.
1205 2358 1278 2430 154,
1300 2351 1387 2421 rsit

256 2452 310 2520 Ibi
332 2454 417 2520 inter
436 2454 515 2520 alias
536 2455 672 2522 aliorum
693 2455 956 2540 philosophorum
983 2455 1023 2522 de
1044 2455 1125 2521 facie
1154 2456 1247 2522 lunae
1276 2455 1384 2540 opine·

253 2558 360 2624 tiones
384 2557 463 2624 haec
484 2559 688 2642 praedicatur
705 2558 892 2646 Stagiritoee
908 2555 1214 2646 Ἀριστοτέλης
1234 2557 1280 2648 μή
1301 2550 1388 2627 εἶναι

244 2655 360 2749 ιαὐτῆς
381 2655 549 2750 ἀκήρατον
574 2662 612 2728 τύ
635 2661 798 2752 σύγκριμα
828 2664 883 2730 διὰ
908 2662 950 2730 τὰ
973 2663 1136 2754 πρόσγεια
1159 2657 1268 2752 deperi
1276 2688 1388 2747 ματα

254 2770 319 2835 τοῦ
337 2764 487 2859 αἰθέρος,
506 2758 543 2835 ὃν
559 2765 802 2859 προσαγορεύει
816 2771 911 2854 σῶμα
924 2768 1093 2854 πέμπτον.
1118 2762 1314 2860 ’Λεριύματα
1326 2789 1388 2837 vox

252 2872 351 2939 nihili
368 2878 431 2951 est,
446 2873 534 2939 cuius
555 2873 624 2939 loco
645 2873 816 2953 Heerenus,
837 2874 1039 2961 quantumvis
1058 2895 1124 2939 nou
1144 2872 1388 2955 inprobabiliter

250 2970 292 3037 sd
316 2972 520 3050 sententiam,
541 2971 659 3039 frustra
680 2972 770 3041 dedit
792 2968 1047 3063 περιττώματα,
1067 2996 1163 3059 quom
1184 2974 1391 3057 suspitionem

250 3075 424 3145 Guisfordo
444 3078 618 3173 ¹probatam
647 3078 824 3146 Meinekius
854 3079 924 3146 iure
954 3077 1033 3144 dicit
1063 3098 1172 3143 omnes
1200 3077 1384 3163 palaeogra-

252 3182 370 3265 phicae
384 3182 463 3246 artis
475 3180 554 3247 fines
567 3182 729 3251 excedere.
755 3182 867 3267 Itaque
882 3181 952 3267 ipse
966 3176 1170 3271 ἅπεράματα
1184 3181 1226 3249 ab
1244 3176 1385 3270 ἇπεράω

181 3295 189 3310 ’
250 3288 271 3357 1.
295 3310 324 3355 ε,
348 3294 527 3353 oeconomo
545 3288 783 3354 rescribendum
804 3288 904 3356 duxit.
945 3286 1007 3353 Sed
1023 3279 1171 3353 lubenter
1193 3287 1295 3353 virum
1318 3287 1380 3353 ola-

250 3386 414 3451 rissimum
428 3386 590 3451 inventum
606 3407 697 3453 suum
713 3392 978 3469 conpensaturum
989 3388 1135 3453 existimo
1150 3408 1221 3453 meo
1243 3385 1355 3475 σαριό
1366 3429 1383 3439 -

250 3512 383 3573 ματα,
409 3489 497 3553 ouius
516 3489 663 3555 vocabuli
682 3490 869 3557 memoriam
890 3491 1058 3574 perspicue
1068 3490 1204 3557 semovit
1223 3511 1381 3575 gramma·

249 3593 335 3658 ticus
357 3592 495 3660 Bekkeri
517 3592 633 3658 Aneod.
656 3615 701 3678 gr.
716 3614 746 3676 p.
760 3598 868 3671 434,1
894 3587 1077 3681 ἀποσργοί·
1099 3590 1217 3679 γωνίαι
1240 3584 1385 3671 εὐτελεῖς

252 3689 303 3771 εἷς
322 3683 363 3772 ἃς
388 3690 430 3757 τὰ
453 3692 684 3776 σαρώματα
715 3697 869 3781 συνῆγον,
898 3715 995 3778 qnam
1022 3693 1160 3779 glossam
1186 3694 1385 3777 repetierunt

249 3805 283 3865 et
307 3798 422 3864 Suidas
442 3821 465 3867 s.
491 3822 518 3864 1.
543 3794 713 3889 ἄπονργοί
740 3805 774 3865 et
796 3800 987 3885 Hesychius:
1021 3793 1230 3889 ιῗπουργούς·
1265 3796 1389 3888 γωνίας

248 3898 398 3981 εὐτελεῖς
418 3903 476 3970 καὶ
490 3898 579 3971 ὅπου
594 3902 636 3969 τὰ
657 3900 767 3991 σαριύ
776 3929 799 3987 μ
811 3928 832 3970 α
841 3928 888 3969 τα
911 3902 1098 3991 συνάγουσι,
1122 3904 1178 3971 ubi
1192 3904 1292 3971 codex
1307 3907 1386 3973 item

249 4014 402 4093 corrupte
433 4005 577 4094 ἅρματα.
630 4009 708 4077 Inde
741 4011 775 4074 in
804 4009 907 4076 lexico
941 4015 1051 4076 nostra
1078 4010 1273 4077 transfusum
1298 4010 1387 4076 nullo

249 4109 359 4181 adhuc
393 4115 508 4181 veteris
538 4115 702 4198 scriptoris
734 4116 878 4198 exemplo
906 4114 1028 4181 firmari
1057 4120 1191 4199 poterat.
1233 4114 1379 4180 Ceterum

248 4220 418 4303 depravati
433 4220 578 4285 vocabuli
598 4218 851 4287 emendationem
873 4241 924 4285 me
939 4219 1059 4308 frustm
1072 4225 1150 4303 poto
1165 4218 1383 4303 quoesiturum

247 4321 356 4400 fuisse,
375 4321 438 4386 nisi
452 4326 629 4403 opportune
648 4321 856 4388 memineram
873 4322 936 4387 loci
949 4321 1112 4389 Plutarchi
1127 4320 1205 4385 Mor.
1218 4340 1248 4403 p.
1262 4324 1343 4388 1089
1353 4322 1383 4399 b,

249 4424 307 4509 qui
318 4422 524 4489 librariorum
542 4428 670 4505 stupore
681 4422 772 4488 foede
784 4443 912 4505 pessum
929 4421 1023 4489 dutus
1037 4422 1084 4486 ita
1095 4418 1217 4486 editur:
1238 4415 1266 4485 ιδ’
1275 4442 1382 4508 οπερ

247 4524 460 4611 σωμάτιον
492 4510 610 4615 οἶκίᾳ
631 4528 678 4615 τῇ
701 4528 815 4615 ψυχῇ
836 4528 910 4593 τοῦ
940 4526 1079 4613 σοφοῦ
1107 4521 1149 4589 τὰ
1176 4526 1236 4613 τῆς
1265 4520 1385 4612 ἡδονῆς

248 4628 463 4714 ἐκκλύσματα
493 4629 604 4709 μένειν
637 4628 755 4707 ἐῶντες
785 4626 832 4717 μὴ
863 4626 1026 4716 λέγωμεν,
1060 4615 1122 4693 1111
1141 4628 1218 4695 olim
1239 4629 1382 4711 (Quaest.

255 4736 340 4806 Plut.
369 4735 386 4802 I
418 4758 449 4819 p.
476 4736 538 4823 52)
570 4734 822 4805 commodissime
854 4732 1077 4821 verissimeque
1107 4739 1145 4801 ut
1175 4755 1258 4801 nnuc
1289 4730 1385 4800 oredo
