3700 5625
717 603 950 669 -101-

265 772 391 837 teranto
413 761 583 853 hiemsque
609 767 711 838 lineas
737 769 856 852 inpune
877 768 1102 837 transsiliente.
1155 769 1198 836 At
1218 774 1305 838 certe
1326 767 1395 836 εἶσ-

264 869 426 957 φέροντες
444 868 533 948 illud,
554 868 672 952 quippe
692 870 908 936 inconcessum
929 870 1067 955 genuino
1081 870 1259 952 Plutarcho,
1282 872 1393 938 rectis·

263 971 344 1038 sime
365 973 478 1054 opinor
497 973 708 1038 recentiorum
737 972 894 1040 editorum
927 974 1049 1056 expulit
1076 973 1250 1060 diligentia.
1294 978 1394 1043 Porro

263 1078 448 1143 eorumdem
482 1078 686 1146 librariorum
720 1081 844 1146 incuria
878 1081 982 1149 eidem
1018 1081 1188 1149 Plutarcho
1216 1084 1251 1148 in
1287 1084 1392 1170 Symp.

261 1184 300 1264 V,
321 1191 342 1252 9
363 1206 393 1267 p.
416 1188 507 1252 6840
536 1184 572 1248 in
592 1185 697 1251 verbis
723 1185 937 1251 κατακαυθὲν
967 1185 1004 1251 δὲ
1031 1182 1088 1272 τὴν
1117 1185 1151 1250 έκ
1177 1189 1235 1270 τῆς
1265 1186 1393 1275 τέφρας

263 1284 380 1353 κονίαν
406 1287 596 1370 procliviore
623 1287 721 1353 etiam
743 1309 850 1354 errore
877 1286 1079 1370 adsperserat
1107 1290 1390 1368 κατακαυθεῖσαν,

263 1393 406 1476 itemque
426 1393 461 1456 in
483 1392 553 1460 libr.
575 1393 636 1471 lx,
660 1399 694 1471 5,
724 1398 743 1459 2
766 1416 796 1477 p.
818 1401 920 1472 7400,
943 1415 1015 1460 cum
1035 1395 1070 1459 in
1091 1393 1208 1460 vicinia
1227 1394 1389 1479 legeretur

261 1488 521 1579 ἀπαλλαγεῖσαι,
552 1516 610 1578 pro
641 1496 871 1585 συμφέρονται
894 1497 1055 1581 subrepsit
1084 1496 1329 1584 συμφέρουσαι,
1360 1501 1393 1563 et

262 1619 345 1682 quae
382 1603 456 1663 sunt
494 1597 560 1665 alia
590 1599 770 1666 huiusmodi
800 1601 1004 1668 librariorum
1036 1600 1157 1667 fraudis
1195 1600 1392 1680 documenta

261 1702 409 1770 omnibus
431 1708 519 1782 nota,
545 1704 601 1788 qui
623 1725 695 1770 cum
715 1706 877 1772 codicibus
897 1707 948 1772 vel
970 1728 1042 1772 cum
1061 1707 1173 1772 critica
1193 1706 1390 1789 supellectile

261 1805 521 1872 consuetudinem
547 1807 687 1876 inierint.

348 1909 491 1977 Similem
510 1912 775 1994 interpolatorum
789 1912 940 1980 iniuriam
955 1913 1004 1980 vel
1021 1913 1197 1980 scribarum
1212 1913 1388 1980 socordiam

262 2013 433 2080 odoramur
454 2013 489 2078 in
507 2014 614 2081 verbis
635 2017 850 2099 superioribus
881 2016 916 2084 αὶ
937 2019 997 2103 μέν
1019 2014 1082 2105 γὰρ
1104 2019 1169 2083 τῶν
1194 2016 1388 2085 ποθούν-

261 2141 339 2183 των
370 2110 490 2203 ἡύσναὶ
517 2116 575 2205 τήν
599 2113 782 2206 ἀνάμνησιν
812 2114 1035 2210 ἀνελεύθερον
1064 2117 1175 2202 theoct
1198 2119 1254 2188 καὶ
1281 2113 1391 2200 ύίλλως

263 2217 429 2304 ἐξίτηλον,
460 2216 576 2307 ὥσπερ
605 2215 710 2307 ύσμην
732 2219 837 2286 έωλον
864 2214 887 2307 ἢ
911 2219 1048 2288 κνίσσαν
1070 2219 1388 2308 ἐναπολειπομένην.

262 2321 380 2405 Aperte
407 2324 518 2390 turbat
538 2323 592 2389 hic
612 2324 800 2391 vocabulum
828 2321 1038 2403 ποθούντων,
1070 2325 1122 2390 cui
1150 2329 1259 2391 tamen
1286 2347 1389 2410 neque

261 2423 372 2490 Reiski
390 2423 654 2490 καταποθέντων
676 2425 696 2489 i.
721 2446 745 2490 e.
767 2429 923 2510 ομνιίιτνιινι
946 2429 1144 2492 parmarum
1164 2427 1214 2494 vel
1237 2420 1389 2494 σἰπολαυ-

259 2526 412 2593 σθέντων
424 2531 630 2612 (quamquam
649 2529 698 2595 ita
709 2528 792 2594 dixit
804 2529 885 2595 Plut.
902 2529 981 2595 Mor.
998 2551 1029 2613 p.
1041 2534 1148 2598 10890
1165 2527 1349 2620 ἐπιτερπὴς
1368 2523 1387 2617 ἦ

262 2627 371 2719 μνέμη
394 2635 473 2696 τῶν
497 2625 902 2723 ἀπολελαυσμένων)
917 2635 1259 2721 nequeWyttenbachi
1283 2657 1390 2725 προσ-

262 2738 462 2820 ενεχθέντων
488 2737 538 2805 vel
561 2737 824 2828 capessiturus
845 2740 895 2808 vel
918 2741 1055 2827 denique
1080 2740 1271 2823 ποθέντων,
1305 2741 1389 2827 quod

262 2845 294 2910 ni
316 2844 458 2911 fallimur
478 2867 553 2912 vero
568 2847 747 2929 proximum
768 2852 831 2925 est,
853 2846 1108 2914 substituendum
1123 2846 1249 2913 videtur
1257 2847 1296 2931 *).
1328 2847 1389 2925 Qui

262 2954 483 3037 conparaverit
510 2954 614 3020 locum
642 2955 802 3039 geminum
830 2954 914 3037 apud
935 2955 1015 3020 Plut.
1039 2954 1118 3021 Mor.
1140 2973 1171 3036 p.
1197 2952 1313 3021 1088i·
1331 2954 1388 3039 τῆς

263 3054 298 3121 δέ
318 3049 442 3144 ἡδονῆς
463 3048 484 3142 ἦ
507 3055 596 3144 φυχὴ
620 3055 865 3141 παραλαβοῦσα
887 3052 946 3141 τὴν
968 3049 1107 3141 μνήμην,
1131 3048 1246 3139 ὥσπερ
1270 3044 1385 3137 ὀσμὴν,

262 3150 342 3224 ύλλο
354 3152 386 3224 δ’
395 3151 501 3237 οὐδέν,
513 3153 687 3246 φυλάσσει·
705 3156 828 3238 ζέσασα
845 3156 907 3247 γὰρ
922 3156 980 3225 ἐπὶ
996 3154 1095 3246 σαρκί
1111 3155 1384 3241 κατασβέννυται,
1452 3196 1457 3205 ·

262 3261 394 3329 καὶτὸ
416 3260 795 3349 μνημονευόμενον
818 3257 948 3350 αὐτῆς
970 3257 1164 3354 ἀμαυρόν
1192 3260 1285 3329 έστι
1314 3259 1387 3326 καὶ

262 3369 513 3448 κνισσῶύες,
550 3364 692 3457 ὥσπερ
720 3362 858 3433 έιύλων
889 3357 941 3433 ὧν
970 3392 1035 3446 τις
1062 3365 1217 3456 ἔφαγεν
1248 3359 1389 3454 ἢέπιε

265 3470 445 3556 τιθεμένου
469 3470 525 3536 καί
547 3466 765 3555 ταμιεύοντος
783 3466 937 3549 ἐπινοίας
957 3469 991 3537 έν
1014 3464 1118 3559 αύτῷ,
1141 3467 1197 3535 καί
1217 3468 1388 3558 χρωμένου

264 3566 417 3655 δηλονότι
439 3568 586 3650 ταύταις,
609 3565 818 3659 προσφάτων
837 3568 883 3658 μη
907 3568 1093 3659 παρόντων,
1113 3570 1141 3636 is
1157 3569 1211 3635 rix
1227 3570 1389 3655 ambigere

263 3673 394 3754 poterit,
425 3674 503 3757 quin
533 3672 596 3738 duo
624 3694 733 3738 rursus
761 3674 915 3740 vocabula
944 3676 1160 3742 contaminata
1188 3674 1308 3741 fuerint
1340 3674 1390 3741 vel

263 3778 452 3845 alterutrum
473 3780 621 3845 omissum
643 3800 681 3845 ao
702 3778 817 3846 deinde
840 3785 1038 3863 corruptum,
1068 3785 1104 3845 ut
1124 3781 1313 3847 Plutarchus
1334 3779 1387 3846 de-

261 3883 341 3952 disse
370 3884 546 3952 censendus
573 3884 616 3950 sit
645 3880 680 3949 ai
707 3881 852 3972 μὲνγὰρ
875 3886 940 3950 ταῖν
970 3884 1199 3951 ποθέντων
1227 3877 1249 3972 ἢ
1277 3889 1386 3973 βρω-

259 3990 427 4056 θέντων
460 3982 581 4076 ἦύοναί
613 3990 699 4070 κτλ,
735 4010 817 4075 quae
852 4012 892 4056 ne
921 3991 1047 4056 inverso
1076 3990 1187 4057 ordine
1216 3987 1390 4073 promenda

261 4096 442 4173 statuerem,
458 4094 616 4176 persuasit
629 4099 663 4161 et
685 4094 862 4179 expeditior
884 4096 1029 4162 mutandi
1052 4097 1135 4162 ratio
1153 4099 1185 4161 et
1199 4084 1387 4159 Plutarchus

258 4197 324 4279 ipse
354 4199 391 4263 in
420 4198 474 4263 vit.
498 4197 564 4264 Cat.
587 4199 659 4265 mai.
685 4206 724 4267 10
746 4195 794 4279 εἷς
822 4197 853 4266 δ’
875 4193 976 4267 αύτύν
1004 4199 1040 4267 έκ
1068 4202 1131 4265 τῶν
1160 4192 1387 4279 ἁλισκομένων

262 4297 354 4369 οὐδέν
371 4302 487 4369 έλθεῖν
503 4304 592 4391 λέγει
610 4303 696 4392 πλην
713 4301 777 4370 ὅσα
800 4308 958 4373 πέπωκεν
976 4298 998 4395 ἢ
1018 4306 1176 4393 βέβρωκε,
1198 4324 1391 4388 φασινφασιν

263 4412 299 4472 ut
311 4407 377 4475 fert
397 4412 514 4474 natura
534 4414 567 4477 et
594 4411 783 4478 commercia
802 4410 982 4497 quotidiani
1001 4408 1166 4487 sermonis,
1197 4411 1392 4475 retroactum

259 4515 364 4595 potius
386 4514 532 4581 ordinem
553 4516 615 4583 sibi
635 4516 800 4583 vindicent
820 4515 935 4583 edendi
953 4513 1148 4611 bibendique
1168 4513 1322 4579 notiones.

328 4670 356 4739 ⁸)
376 4672 448 4736 Quae
466 4672 595 4727 Fcehsiue
614 4674 798 4740 inperitissime
816 4674 851 4724 de
867 4672 920 4724 hoc
937 4669 998 4723 loco
1014 4668 1136 4736 protulit,
1154 4668 1256 4723 silentio
1275 4670 1387 4734 praeter-

257 4756 299 4812 ne
317 4761 398 4813 ntur
416 4766 464 4815 est
