3700 5625
699 568 913 636 ..gg-

245 731 320 802 ούδὲ
341 731 594 824 κεκρατημένον,
618 726 691 798 οίλλ)
714 729 860 818 ἐξίτηλοι
889 729 946 798 καί
968 725 1098 810 ἄτελεῖς
1120 728 1203 798 εἰσιν
1226 729 1261 797 αἱ
1286 731 1371 820 πρὸς

242 839 299 918 τὰς
320 844 478 927 γυναῖκας
500 832 678 922 ὁμιλίαι
700 829 845 915 αὐτῶν,
889 837 1060 921 inquibus
1085 837 1175 902 nulla
1203 842 1272 902 orat
1296 857 1368 919 pro-

159 986 160 997 2
241 944 376 1010 nominis
399 939 508 1009 αὐτῶν
528 941 667 1007 addendi
688 941 868 1006 necessitas

323 1044 444 1111 Eadem
464 1063 560 1125 saepe
581 1043 757 1108 scribarum
778 1043 910 1109 licentia
931 1048 1075 1128 grassata
1097 1049 1146 1109 est
1166 1045 1200 1108 in
1221 1043 1368 1110 addendo

240 1149 334 1214 verbo
362 1147 572 1226 substantivo,
602 1147 835 1229 indeprehensa
861 1149 996 1216 fortasse
1031 1149 1135 1226 nobis,
1172 1150 1233 1214 nisi
1262 1150 1368 1214 hiatus

241 1249 385 1316 fraudem
404 1250 564 1315 clamaret.
610 1248 705 1314 Citius
734 1250 782 1314 rei
808 1271 907 1314 unum
935 1273 1019 1318 nune
1048 1249 1165 1316 addere
1194 1251 1282 1315 lubet
1311 1273 1363 1314 ex-

241 1356 380 1440 emplum
401 1378 441 1421 ex
461 1355 544 1421 libro
566 1354 644 1434 VII,
666 1358 700 1433 8,
723 1361 742 1420 4
763 1376 793 1436 p.
815 1354 910 1422 71311
934 1349 972 1419 ού
996 1353 1057 1444 γαρ
1080 1349 1182 1436 μόνον
1205 1349 1280 1420 ὅσοι
1311 1353 1366 1440 τὴν

246 1456 413 1549 σωτηρίαν
451 1453 539 1526 οἴκοι
568 1459 625 1523 καί
654 1451 734 1545 παρ’
768 1452 875 1522 αύτῶν
909 1453 1039 1538 iporeae
1073 1449 1176 1542 όίλλιγν
1204 1457 1364 1524 θέλουσιν

159 1636 160 1641 ¹
241 1556 461 1647 είσαγώγιμον
482 1559 606 1642 λαβεῖν,
630 1553 676 1636 ὥς
697 1552 882 1648 Εὐριπίδης
911 1550 1014 1638 εἶπεν,
1039 1551 1273 1648 ἇβέλτεροί
1306 1556 1365 1624 εἱ-

241 1688 321 1746 σιν,
351 1660 438 1732 ἀλλὰ
465 1665 522 1730 καί
551 1663 628 1730 ὅσοι
660 1665 750 1743 κτλ,
789 1665 824 1729 in
852 1665 967 1748 quibus
999 1669 1035 1729 ut
1063 1666 1169 1729 hiatus
1200 1665 1365 1745 devitetur,
1407 1744 1409 1750 ¹

243 1772 337 1853 paulo
358 1772 460 1836 tutius
480 1770 605 1835 videtur
625 1770 731 1836 delere
754 1766 836 1856 εἰσιν
842 1767 850 1847 ,’
874 1792 970 1853 quam
992 1775 1027 1833 ut
1047 1775 1272 1852 transponatur
1294 1769 1368 1836 ante

242 1869 426 1963 ἀβέλτεροι,
452 1874 486 1939 id
508 1873 592 1957 quod
612 1873 781 1938 Benselero
802 1873 959 1955 placuisse
983 1873 1081 1940 video.
1208 1884 1211 1890 '

326 1981 365 2044 In
386 1979 459 2045 aliis
479 1980 558 2044 locis
578 1980 684 2044 hiatus
712 1979 832 2043 indices
862 1979 1004 2045 existunt
1022 1980 1246 2046 vconolamatae
1266 1981 1362 2046 libra-

241 2085 359 2150 riorum
385 2084 643 2150 hallucinationis
666 2084 710 2161 {in
737 2085 1026 2166 praepositionibus
1055 2085 1137 2150 mele
1169 2087 1365 2168 permutatis,

240 2191 349 2274 quain
363 2212 400 2256 re
415 2195 610 2274 quantopere
625 2189 808 2254 lasciverint
824 2189 1091 2271 operaepretium
1106 2195 1154 2256 est
1168 2212 1364 2274 cognoscere.

240 2295 291 2362 Ita
306 2276 483 2381 Sympvll
493 2293 595 2362 Praef.
610 2291 743 2376 posto
760 2295 817 2358 καί
833 2292 891 2359 τὸν
904 2289 970 2357 iila
990 2297 1088 2357 θεῖον
1103 2290 1259 2381 Ὅμηρος,
1276 2289 1308 2358 oi
1331 2294 1368 2361 δὲ

240 2397 363 2466 πολλοὶ
381 2396 521 2488 χάριτας
543 2398 707 2475 καλοῦσιν,
730 2392 799 2462 ὅτι
822 2394 894 2461 ἐπί
923 2393 973 2460 τοί
1003 2395 1185 2461 πλεῖστα
1214 2393 1363 2484 μιγνύ-

238 2523 365 2584 μενος
384 2501 452 2566 κτλ.
473 2499 540 2565 noli
561 2500 707 2564 dubitare
729 2498 807 2582 quin
827 2519 847 2562 a
865 2497 1035 2564 Plutarcho
1057 2498 1099 2562 sit
1121 2494 1173 2562 ὅτι
1195 2498 1302 2586 πρὸς
1322 2497 1364 2570 τὰ

241 2606 384 2672 πλεῖστα
404 2604 610 2692 μιγνύμενος,
628 2610 665 2669 ut
692 2605 819 2687 scripsit
847 2606 882 2668 in
904 2603 1008 2688 Symp.
1037 2625 1066 2686 p.
1091 2609 1180 2672 733a
1208 2603 1250 2669 τοὶ
1273 2628 1365 2671 στοι-

235 2716 312 2793 χεῖα
342 2705 524 2798 μιγνύμενα
555 2707 639 2797 πρὸς
660 2702 790 2795 όίλληλα
821 2714 854 2774 et
876 2709 942 2776 Cat.
964 2710 1037 2774 mai.
1062 2715 1081 2774 4
1112 2729 1143 2790 p.
1166 2712 1252 2776 3380
1281 2710 1366 2798 πρὸς

238 2814 351 2881 πολλὰ
371 2813 579 2900 μιγνυμένης.
623 2813 766 2897 Itemque
788 2813 885 2879 verba
904 2833 934 2894 p.
957 2809 1052 2878 701d
1074 2806 1261 2891 πνεύματος
1289 2826 1363 2901 ψυ-

236 2920 337 3008 χροῦ
368 2912 582 2995 πεσόντος
609 2908 631 3003 ἢ
658 2913 799 2994 ὕδατος,
829 2935 891 2999 quo
921 2914 990 2979 loco
1019 2913 1282 2997 Wyttenbachius
1308 2914 1361 2980 de-

237 3020 330 3085 derat
351 3014 582 3095 ἐπιπεσόντος,
606 3038 716 3085 uereor
736 3038 776 3083 ne
799 3017 833 3081 in
847 3017 931 3082 huuc
946 3014 1074 3080 modum
1095 3015 1191 3081 scribi
1210 3014 1363 3083 debeant:

238 3121 375 3209 ψυχροῦ
395 3115 675 3207 προσπεσόντος
717 3118 801 3183 Hinc
822 3116 972 3183 facillime
994 3115 1131 3182 iudicari
1151 3122 1269 3198 potest,
1302 3140 1364 3205 quo

242 3220 313 3285 iure
344 3219 530 3286 Benselerns
551 3217 646 3297 VIII,
668 3222 703 3296 8,
726 3224 746 3283 2
768 3239 797 3300 p.
822 3224 913 3285 7290
934 3218 1103 3285 Plutarcho
1124 3218 1299 3285 reddiderit
1327 3218 1366 3287 οὐ

238 3322 351 3389 δεῖδὲ
373 3319 579 3405 θαυμάζειν,
612 3319 641 3387 εί
670 3320 712 3386 τοί
740 3320 804 3408 ζιμα
833 3319 890 3386 διὰ
914 3321 971 3407 τήν
999 3320 1173 3387 θάλατταν
1204 3317 1364 3411 ἀλλότρια

237 3425 298 3492 καί
329 3420 388 3493 οὐκ
419 3421 594 3513 ἐπιτήδεια
634 3422 906 3512 καταμίγνυσθαι
936 3422 1191 3509 νομίζουσιν
1228 3422 1341 3494 αύτιύ
1348 3456 1365 3495 ν

236 3524 288 3607 είς
309 3517 392 3610 αἷμα
408 3527 464 3593 καί
488 3532 626 3612 πνεῦμα,
650 3527 685 3594 οῗ
703 3553 740 3616 γε
761 3529 839 3610 κτλ,
863 3552 999 3615 quorum
1018 3536 1178 3613 postrema
1198 3539 1293 3597 antea
1313 3554 1363 3599 eo-

238 3634 349 3700 dicum
369 3635 522 3719 obsequio
543 3634 592 3700 ita
606 3634 770 3701 conlocata
794 3648 885 3701 erant
905 3636 964 3702 καί
985 3630 1044 3703 oda
1066 3636 1241 3724 ἐπιτήδεια
1263 3664 1366 3705 κατα-

234 3728 424 3820 μίγνυσθαι
455 3730 502 3811 είς
525 3725 608 3818 αἷμα
632 3734 688 3800 καί
711 3739 840 3818 πνεύμα
871 3737 1062 3820 νομίζουσιν
1090 3734 1206 3820 αὑτῶν,
1238 3744 1273 3807 in
1294 3746 1362 3830 qui-

235 3836 301 3904 hus
322 3837 349 3902 si
374 3834 423 3915 είς
444 3840 685 3905 commutaveris
705 3840 741 3904 in
765 3840 849 3927 πρός
872 3842 979 3907 omnia
1007 3840 1186 3910 firmissime
1210 3846 1366 3915 insistent.

327 3960 490 4044 Expositis
518 3962 569 4027 his
597 3962 639 4027 ad
666 3962 745 4028 alios
781 3962 934 4046 quosdam
964 3967 1139 4048 exspatiari
1168 3968 1255 4034 iuvat
1281 3970 1365 4037 locos

231 4069 372 4145 propter
391 4065 516 4130 hiatum
537 4065 576 4131 de
598 4066 675 4131 vitio
696 4072 864 4148 suspectos,
884 4068 919 4131 in
941 4070 1056 4153 quibus
1071 4073 1265 4157 corrigendis
1278 4076 1362 4156 prio·

230 4188 374 4234 resnou
395 4170 473 4235 satis
492 4175 580 4236 recte
601 4191 670 4234 rem
692 4169 931 4239 administrasse
958 4174 1115 4242 videntur.
1170 4175 1208 4239 ln
1235 4177 1362 4259 lepidis-

229 4273 320 4337 simo
340 4271 410 4338 loeo
430 4271 486 4351 IV,
506 4279 533 4347 1,
560 4280 574 4339 1
598 4294 628 4355 p.
652 4273 742 4340 66οί
768 4267 842 4339 οὐκ
870 4269 976 4364 όίκραν
1002 4273 1174 4355 ἀπόδειξιν
1203 4274 1291 4360 ἔχει
1323 4280 1365 4349 ἐν

230 4370 318 4465 ἀέρι
339 4375 395 4442 καί
417 4374 528 4464 δρόσῳ
551 4375 701 4463 λέγουσι,
732 4372 892 4467 καθάπερ
917 4376 950 4446 οἱ
972 4380 1129 4466 τέττιγες,
1161 4380 1365 4472 σιτούμενον,

228 4502 304 4547 non
322 4480 575 4548 animadversum
595 4489 644 4549 est
661 4484 702 4550 ab
722 4482 897 4550 editoribus
920 4480 979 4549 οίκ
1000 4486 1082 4551 nihil
1103 4508 1170 4555 esse
1193 4491 1255 4558 nisi
1269 4494 1363 4561 ditto-

227 4588 415 4674 graphiam,
436 4609 533 4673 quam
554 4590 583 4655 si
604 4590 639 4656 in
652 4590 829 4675 marginem
846 4590 1002 4671 reieceris,
1021 4596 1125 4659 totum
1142 4594 1247 4663 locum
1268 4602 1364 4685 aptis-

227 4694 325 4763 sime
341 4692 390 4761 irc
408 4692 630 4779 refingendum
651 4716 720 4766 esse
739 4694 905 4780 intelleges
934 4686 1038 4784 ύίκραν
1060 4693 1234 4779 ἀπόδειξιν
1256 4726 1367 4793 παρ.

1165 4824 1205 4879 6*
