3700 5625
911 581 1125 648 ..ap-

455 741 628 810 dobonensi
646 731 831 820 recentiore,
853 746 979 808 tacente
994 743 1239 826 Wyttenbaehio
1260 743 1342 809 mihi
1362 744 1584 825 inconpertum

385 853 387 857 ’
456 851 512 914 est.
556 845 673 924 Quodsi
696 846 747 912 cui
768 851 837 912 tota
857 847 1183 914 hacraticcinatione
1209 854 1319 914 nostra
1345 848 1485 914 nondum
1507 847 1584 912 satis

454 949 573 1016 factum
594 951 642 1029 sit,
653 941 748 1016 ¹nunc
762 972 862 1016 unum
875 951 1050 1017 alterumve
1071 952 1176 1018 locum
1191 954 1335 1036 accipiat,
1355 953 1411 1018 nbi
1426 952 1583 1018 editorum

459 1051 643 1119 lacunarum
673 1052 893 1134 conplementa
922 1055 970 1118 ita
998 1061 1171 1136 conparata
1197 1061 1285 1135 sunt,
1313 1062 1350 1122 ut
1372 1058 1586 1122 controversia

454 1154 556 1218 omnis
592 1160 701 1220 nostro
739 1155 867 1239 quidem
905 1156 1024 1223 iudicio
1068 1179 1198 1240 prorsus
1236 1160 1413 1230 dirimatur.
1468 1162 1520 1226 lta
1550 1163 1585 1226 in

455 1254 560 1340 Symp.
573 1257 597 1334 Ι,
617 1263 645 1336 4,
669 1263 687 1324 3
707 1278 738 1340 p.
761 1265 852 1326 6222
874 1257 933 1326 καί
952 1267 1028 1329 ante
1051 1261 1305 1350 προστάγμασιν
1327 1267 1362 1330 in
1381 1264 1476 1332 Vind.
1497 1266 1587 1332 deest

456 1383 528 1428 cum
544 1363 657 1442 trium,
679 1364 714 1428 in
734 1363 831 1430 Paris.
856 1369 938 1434 1680
961 1388 1033 1432 cum
1055 1372 1125 1434 octo
1146 1369 1327 1435 litterarum
1346 1371 1466 1452 spatio,
1486 1371 1575 1436 item·

456 1491 517 1553 quc
539 1469 593 1535 lib.
614 1470 648 1549 I,
668 1475 702 1548 6,
725 1476 744 1536 2
767 1492 797 1553 p.
818 1476 912 1540 orla
942 1475 977 1537 in
998 1475 1103 1540 verbis
1133 1472 1220 1561 πλὴν
1247 1471 1326 1542 ὅσον
1355 1471 1444 1557 ἴχνος
1474 1500 1505 1538 τι
1527 1479 1585 1541 τοῦ

457 1565 564 1656 πυρὸς
586 1565 682 1655 dcccci
694 1566 841 1656 μετώπῳ
862 1571 1074 1659 κρατουμένῳ
1096 1566 1238 1659 ὑπὸτῆς
1259 1596 1345 1659 κομη
1426 1598 1474 1639 ειν
1497 1569 1585 1661 αὐτῷ

462 1673 563 1738 nardi
579 1673 650 1751 ubi,
672 1673 787 1757 quibus
809 1675 911 1740 oratio
933 1676 1048 1740 mutila
1068 1677 1275 1757 conpleretur,
1294 1677 1348 1740 vix
1368 1678 1474 1760 potuit
1495 1697 1583 1743 cxco-

457 1777 553 1860 gitari
573 1778 678 1859 aptius
698 1799 794 1863 quam
823 1772 891 1844 ὑπὸ
912 1782 970 1866 τῆς
988 1774 1093 1866 κόμης
1112 1780 1273 1861 μένειν,
1306 1782 1373 1847 cod
1396 1782 1491 1850 Viud.
1513 1804 1583 1865 spa-

457 1881 537 1948 tium
557 1882 656 1950 habet
668 1883 766 1948 trium
785 1888 980 1967 quattuorve,
998 1883 1095 1948 Paris.
1117 1883 1255 1949 sedecim
1274 1884 1455 1951 litterarum
1475 1907 1585 1968 capax,

447 1983 543 2068 'quod
563 2005 656 2050 nemo
677 2005 741 2048 non
762 1983 849 2048 videt
864 1984 998 2049 nimium
1020 2006 1088 2050 esse
1112 1984 1153 2050 ad
1168 1986 1322 2050 sermonis
1343 1986 1586 2051 continuitatem

458 2091 491 2152 et
507 2084 548 2152 ad
563 2108 635 2154 cum
648 2108 743 2170 quem
763 2087 955 2170 requirimus
975 2109 1092 2154 nexum
1106 2086 1412 2173 redintegrandum*
1415 2110 1434 2174 ).
1464 2089 1585 2156 Verum

457 2186 568 2252 dehis
589 2187 674 2253 satis.
723 2186 803 2253 Nolo
825 2188 911 2254 enim
931 2188 1094 2253 immorari
1115 2188 1211 2254 rebus
1230 2211 1365 2274 quarum
1386 2189 1581 2256 demonstra-

458 2290 579 2384 tionem
601 2292 707 2376 sagaci
722 2291 877 2358 Hercheri
899 2291 1028 2376 ingenio
1046 2291 1203 2375 integram
1222 2295 1379 2359 reseruari
1406 2293 1506 2358 tutius
1529 2298 1583 2358 est

435 2455 440 2460 .
543 2395 652 2462 Redeo
673 2416 758 2460 nunc
780 2396 822 2462 ad
843 2396 947 2461 locum
967 2394 1253 2480 Symposiacorum,
1283 2397 1319 2460 in
1346 2419 1408 2481 qno
1435 2419 1518 2481 quae
1543 2396 1585 2462 ad

457 2496 747 2564 reconcinnandum
760 2498 904 2562 luxatum
923 2518 1099 2564 sermonem
1116 2502 1294 2562 commenta
1311 2502 1359 2564 est
1374 2499 1586 2581 interpretum

457 2605 622 2684 industria,
644 2627 759 2688 parum
786 2604 952 2672 fatendum
975 2604 1165 2670 esthabere
1188 2605 1479 2681 commendationis.
1522 2605 1584 2670 Ve-

459 2713 691 2780 rumenimvcro
720 2712 894 2778 cavendum
922 2716 993 2779 erat
1012 2712 1054 2776 ab
1076 2711 1139 2775 ista
1167 2711 1320 2792 opinandi
1340 2712 1483 2790 levitate,
1506 2733 1588 2796 quae

456 2824 610 2904 quantum
639 2809 792 2885 adtulerit
820 2816 972 2883 damnum
993 2815 1157 2881 Plutarchi
1185 2815 1314 2897 scriptis
1345 2815 1491 2898 pluribus
1512 2836 1584 2897 per·

457 2926 547 3011 sequi
569 2926 699 3009 longum
719 2929 774 2991 est.
809 2922 969 2989 Nimirum
992 2916 1104 3000 critic,
1126 2922 1161 2986 in
1187 2921 1271 3005 quod
1292 2922 1440 2987 Reiskins
1464 2922 1587 3001 incidit,

458 3032 492 3097 et
510 3050 606 3112 prave
628 3028 825 3093 conlocatum
846 3032 895 3092 est
916 3032 950 3093 ct
970 3027 1096 3111 longius
1118 3048 1138 3091 a
1158 3026 1303 3093 codicum
1322 3028 1477 3094 memoria
1495 3050 1582 3095 rece·

457 3133 515 3201 dit
559 3131 631 3199 Non
657 3132 757 3217 magis
784 3130 911 3197 admitti
938 3135 1044 3213 potest
1075 3130 1302 3215 Wyttenbachi
1327 3134 1461 3199 mutatio
1490 3127 1587 3214 οὐχὶ

458 3240 565 3329 πεζῇ
591 3232 682 3304 ἀλλ’
716 3231 778 3325 ἐφ’
799 3234 963 3315 ἵππων,
994 3236 1080 3324 quod
1100 3238 1209 3322 siper
1235 3237 1360 3303 hiatum
1387 3240 1484 3306 scribi
1510 3240 1584 3307 lice-

456 3352 517 3424 ret,
539 3345 689 3417 iniuriam
707 3350 815 3417 tamen
836 3343 956 3411 faceret
973 3343 1158 3422 Plutarcho,
1190 3344 1313 3409 homini
1340 3366 1405 3411 ncn
1431 3346 1510 3411 adm
1532 3346 1582 3411 in-

461 3446 554 3513 sulso.
585 3447 679 3513 Absit
699 3446 740 3513 ab
762 3446 817 3511 illc
839 3444 977 3513 dedecus
991 3448 1131 3530 ⁴hoc!'¹‘²¹‘)
1170 3447 1244 3513 Alia
1263 3468 1329 3512 non
1349 3450 1450 3515 multe
1471 3450 1587 3533 proba·

459 3553 554 3618 bilior
573 3550 753 3619 emendatio
774 3552 903 3615 inventa
931 3557 980 3616 est
1000 3574 1021 3616 a
1041 3552 1177 3617 Faehsio
1199 3552 1233 3615 in
1254 3552 1418 3621 Animadr.
1440 3554 1481 3620 ad
1503 3554 1586 3621 Plut.

458 3656 514 3741 Op.
537 3680 566 3741 p.
591 3664 641 3735 54,
662 3656 745 3723 libro
767 3656 1017 3736 absurdissimis,
1044 3664 1081 3723 ut
1101 3657 1206 3724 dicam
1230 3659 1315 3743 quod
1335 3682 1389 3727 res
1409 3666 1471 3740 est,
1490 3663 1585 3747 nugis

458 3758 584 3824 referto.
628 3756 660 3820 ls
681 3776 740 3838 pro
763 3780 833 3835 οτνμ
856 3757 917 3822 sibi
946 3758 1104 3839 persuasit
1131 3758 1208 3840 poni
1235 3779 1326 3841 posse
1349 3758 1470 3840 ταχύ,
1500 3761 1586 3846 qnod

455 3864 661 3929 Plutarchum
681 3882 745 3926 non
763 3863 924 3944 scripsisse
946 3885 1049 3947 neque
1070 3864 1208 3929 scribere
1229 3866 1385 3946 potuisse,
1412 3888 1468 3932 suo
1487 3890 1581 3933 unus-

460 3991 610 3999 m-e—
622 3989 667 3996 ——

526 4038 551 4105 ³⁸)
569 4041 801 4095 Evidentissimum
831 4060 891 4096 esse
915 4051 1037 4111 putamus
1053 4061 1100 4113 pro
1120 4052 1298 4118 κρατουμένῳ
1322 4049 1409 4101 hiatus
1435 4057 1462 4102 et
1480 4060 1586 4105 seuten-

459 4129 510 4179 tiao
528 4130 609 4193 gretia
635 4131 815 4195 reponendum
834 4146 895 4181 csse
913 4126 1117 4202 κρατούμενον,
1141 4135 1241 4187 incuria
1264 4135 1427 4189 librariorum
1448 4154 1585 4205 perperam

458 4226 518 4262 cum
536 4206 656 4279 μετώπῳ
674 4213 800 4264 iunctum.
836 4212 937 4263 Eadem
962 4229 1071 4280 prorsus
1092 4216 1276 4282 depravatione
1297 4219 1322 4269 iu
1341 4218 1435 4273 Erotio.
1462 4238 1489 4287 p.
1508 4224 1587 4275 rste

453 4298 586 4363 volgatur:
619 4296 769 4360 ἀνάκλασις
792 4298 826 4368 δή
852 4320 907 4354 που
931 4300 961 4355 τὸ
986 4300 1125 4372 περὶ“τὴν
1153 4298 1210 4377 ἶρίν
1233 4306 1290 4359 ἔστι
1307 4309 1354 4372 τῆς
1370 4301 1463 4376 debeor
1480 4304 1584 4377 πάθος,

458 4378 525 4437 ὅταν
543 4412 576 4423 -
597 4413 625 4423 -
647 4383 736 4448 δόξαν
754 4384 822 4459 {pir
841 4384 1022 4459 ἐνεργάσηται
1038 4394 1088 4444 τοῦ
1110 4389 1310 4464 φαντάσματος
1331 4392 1374 4455 ὠς
1398 4398 1434 4450 ἐν
1457 4402 1501 4466 τῷ
1523 4399 1603 4452 vr!

454 4496 514 4544 (par
541 4471 653 4545 ὄντος,
684 4481 730 4533 ubi
750 4482 849 4547 aptiore
870 4480 953 4533 multo
976 4484 1104 4534 sententia
1127 4484 1153 4535 in
1176 4491 1299 4551 promptu
1323 4494 1364 4538 est
1388 4488 1426 4539 sic
1455 4490 1490 4543 ab
1512 4488 1586 4543 hiatu

454 4578 561 4615 cavere:
583 4560 625 4623 ὥς
643 4564 742 4626 ἐντὸς
756 4570 887 4636 νέφους
904 4560 1012 4644 ὄντος.

522 4650 561 4715 ·*)
580 4648 634 4702 Suo
654 4652 711 4703 iure
728 4652 754 4703 id
770 4654 903 4706 coniunxit
915 4640 1048 4706 ⁴retroacto
1067 4661 1152 4721 utper
1170 4660 1225 4707 eret
1244 4658 1337 4708 ordine
1354 4660 1429 4711 Anna
1447 4658 1586 4715 Ocmnena

452 4753 476 4804 p.
497 4736 557 4802 247,
578 4738 609 4788 15
628 4735 678 4792 οὐκ
695 4737 830 4815 ἔφιππον,
849 4737 918 4793 ἀλλὰ
938 4742 1005 4815 πεζῇ
1021 4741 1069 4793 καὶ
1086 4735 1177 4809 βάδην
1193 4736 1354 4815 ἐρχόμενον.
