3700 5625
960 577 1172 642 ..73-

498 741 560 822 (vel
579 739 692 806 mmilis
711 740 878 823 potestatis
898 740 1097 825 vocabulum)
1117 736 1393 828 φιληδονίαις
1423 737 1610 828 ἀπηλλά-

497 845 601 921 χθαι
618 838 795 924 λέγεται,
812 841 864 905 oui
875 841 1082 918 coniecturae,
1098 861 1290 924 quamquam
1303 840 1463 926 plerisque
1477 841 1610 910 audacio·

499 967 568 1012 rem
585 945 688 1010 visum
706 946 749 1010 iri
769 946 922 1027 suspicor,
943 946 1048 1010 nescio
1071 966 1112 1008 an
1130 944 1209 1009 haec
1231 943 1361 1009 accedat
1382 943 1613 1026 commendatio,

501 1051 586 1136 quod
611 1071 675 1116 non
695 1050 794 1116 semel
817 1051 854 1114 in
879 1051 931 1115 his
955 1051 1047 1116 libris
1078 1048 1140 1114 duo
1170 1071 1252 1134 quae
1280 1054 1372 1116 erant
1398 1051 1433 1115 in
1452 1051 1613 1137 archetypo

500 1156 661 1235 uocabula,
682 1156 888 1222 librariorum
908 1155 1002 1238 culpa
1022 1156 1057 1220 in
1068 1177 1166 1220 unum
1185 1154 1394 1221 confluxerint
1414 1158 1450 1221 in
1471 1157 1615 1223 eiusmodi

496 1261 686 1343 praesertim
698 1260 775 1337 loco,
797 1260 853 1344 qui
868 1259 1075 1326 similitudine
1097 1281 1208 1325 vocum
1221 1261 1427 1328 scribentium
1450 1262 1555 1328 oculos
1567 1263 1613 1330 de·

498 1364 639 1430 ludebat
659 1363 754 1428 Cuius
769 1363 817 1429 rei
831 1364 955 1448 insigne
974 1368 1062 1429 extat
1075 1363 1255 1445 exemplum
1266 1363 1321 1443 VI,
1336 1369 1364 1444 2,
1384 1373 1396 1431 1
1411 1386 1441 1447 p.
1455 1369 1518 1434 687
1529 1388 1553 1446 c,
1568 1368 1617 1433 ubi

497 1487 607 1532 omnes
621 1466 744 1532 codices
766 1467 877 1533 vitiose
891 1471 1056 1548 praestant
1079 1459 1165 1531 ello
1178 1464 1280 1546 μόνον
1305 1463 1337 1532 ct
1359 1463 1461 1556 πόροι
1484 1493 1616 1557 παρα-

499 1568 669 1654 σχόντες
685 1598 717 1638 τι
729 1571 1162 1658 τρῖμεταοχμητατίζεσῧαι,
1172 1571 1228 1636 ubi
1242 1592 1306 1636 non
1320 1571 1439 1653 dubito,
1447 1574 1526 1657 quin
1539 1580 1616 1640 recte

496 1684 673 1745 correctum
702 1679 744 1744 sit
773 1673 861 1743 ἀλλὰ
885 1673 990 1762 μόνον
1021 1675 1052 1744 cl
1077 1675 1179 1766 πόροι
1202 1679 1421 1766 παρέσχον
1445 1681 1617 1763 πάσχον-

499 1787 568 1861 τές
596 1808 629 1848 τι
659 1783 727 1847 κτλ.
771 1781 919 1848 Ceterum
947 1783 982 1847 in
1008 1783 1142 1848 eandem
1170 1803 1299 1864 prorsus
1318 1785 1538 1865 sententiam,
1568 1785 1617 1851 sed

498 1892 609 1972 argute
638 1887 740 1972 magis
768 1891 802 1952 et
831 1886 970 1952 oratorie
996 1886 1119 1951 locutus
1150 1896 1198 1951 est
1218 1886 1406 1953 Plutarchus
1428 1887 1536 1973 Symp.
1554 1889 1617 1966 Vll,

498 1992 526 2068 8,
547 1996 568 2055 4
588 2006 619 2070 p.
641 1993 732 2054 7130
754 1980 799 2063 ὥς
818 1984 881 2074 γὰρ
904 1980 1025 2072 ἡδονὴν
1046 1983 1080 2050 ἒν
1103 1979 1181 2070 οἴνῳ
1204 1984 1261 2050 καί
1284 1977 1362 2072 όφφ
1382 1988 1423 2074 τῇ
1438 1983 1537 2076 χρείᾳ
1567 1988 1618 2071 τῆς

497 2093 627 2181 τροφῆς
656 2094 886 2156 συνεισιοῦσαν
919 2083 1027 2166 οὐδεὶς
1061 2082 1272 2169 ἀπωθεῖται,
1305 2088 1363 2175 τὴν
1397 2085 1426 2156 d
1458 2089 1518 2156 ἐπὶ
1555 2095 1619 2166 τοῖς

496 2191 617 2283 μύροις
636 2187 696 2259 οὑκ
717 2186 900 2278 ἀναγκαίαν
920 2192 977 2258 καί
1001 2185 1302 2288 περίεργονοὺσαν
1325 2187 1343 2258 ὑ
1366 2190 1547 2283 Σωκράτης
1567 2192 1618 2259 ἐπί

498 2293 620 2387 κόρρης
638 2293 789 2389 ῥαπίζων
804 2296 970 2381 ἐξέβαλεν.
1005 2297 1043 2361 [n
1057 2287 1117 2361 'his
1131 2297 1229 2382 igitur
1248 2297 1276 2362 si
1295 2299 1487 2364 concesseris
1502 2299 1620 2364 hiatum

498 2406 583 2470 inter
595 2404 793 2489 κεκλημέναι
808 2397 891 2482 ὑπό,
917 2401 1153 2470 concedendum
1167 2403 1264 2469 etiam
1283 2409 1331 2469 est
1345 2403 1479 2469 eandem
1501 2405 1620 2471 veniam

496 2506 731 2587 valereIIL9,l
751 2527 782 2588 p.
791 2506 882 2573 657d
902 2500 970 2592 ἡδί
986 2507 1073 2570 doeio
1091 2503 1395 2594 (σομφωνία)πρός
1411 2505 1488 2594 τρία
1505 2529 1621 2590 μουσι-

500 2605 649 2694 κωτάτη,
681 2609 796 2672 πᾶσα
825 2600 1075 2694 ὑπνοφόρος
1105 2603 1161 2669 καί
1183 2601 1381 2691 λαθικηόής.
1426 2603 1519 2670 Nihil
1542 2605 1621 2671 enim

496 2716 531 2780 in
558 2714 621 2780 loci
651 2713 808 2780 sententia
840 2711 966 2776 invenio
1001 2709 1085 2794 quod
1112 2708 1307 2780 ‚dubitationi
1344 2709 1520 2776 obnoxium
1560 2731 1623 2775 esse

496 2822 603 2904 possit,
622 2825 659 2884 ut
675 2821 768 2883 πᾶσα
784 2816 943 2883 immerito
955 2814 1083 2881 Reiskic
1097 2814 1303 2897 suspitionem
1318 2815 1451 2881 movisse
1466 2815 1622 2883 videatur.

583 2923 675 2998 Item*
690 2940 785 3003 aegre
815 2917 897 2982 mihi
923 2916 1100 2999 persuadeo
1135 2936 1155 2981 a
1181 2914 1321 2980 librariis
1349 2914 1527 2981 titubatum
1562 2936 1624 2979 esse

498 3018 650 3097 V1,7,2
672 3040 702 3101 p.
722 3016 813 3085 692f
829 3018 864 3081 in
883 3016 988 3082 verbis
1017 3012 1130 3103 ὥσπερ
1163 3006 1220 3080 οὑν
1249 3009 1266 3079 ό
1291 3012 1398 3102 σοφός
1424 3009 1624 3106 Ἀνάχαρσις

498 3117 570 3189 ddt'
594 3116 677 3204 όίττα
699 3127 765 3188 τῶν
782 3117 946 3209 Ἑλλήνων
967 3118 1182 3209 μεμφόμενος
1204 3116 1321 3208 ἐπῄνει
1341 3118 1398 3207 τὴν
1422 3115 1623 3211 ἄνθρακιόν,

499 3225 553 3295 ότι
574 3224 630 3293 τόν
658 3225 785 3292 καπνόν
810 3221 874 3304 ἔξω
903 3220 1145 3302 καταλιπόντες
1171 3220 1287 3291 οίκαόε
1317 3230 1383 3315 πῦρ
1412 3226 1627 3309 κομίζουσιν·

497 3332 603 3413 οὑτως
633 3328 720 3423 ἡμᾶς
755 3326 809 3421 ἐφ’
841 3326 969 3419 ἑτέροις
1006 3323 1046 3395 dv
1073 3330 1211 3420 ψέγοιτε
1247 3329 1375 3412 μᾶλλον
1415 3326 1455 3397 ci
1486 3328 1624 3419 σοφοί

436 3518 439 3522 ,
495 3436 636 3526 ὑμεῖς·
659 3434 690 3505 εί
709 3435 747 3503 δέ
768 3436 853 3516 uel„
876 3436 1047 3520 inquibus
1068 3435 1271 3514 Benselerus,
1297 3434 1352 3519 qui
1374 3436 1481 3502 omnia
1504 3435 1628 3503 mavult

499 3545 542 3613 ad
562 3541 823 3627 perpendiculum
845 3560 1002 3605 canonum
1024 3559 1151 3604 suorum
1172 3536 1307 3617 directa,
1327 3537 1431 3604 deleto
1454 3532 1556 3621 ὑμεῖς
1576 3560 1625 3605 vo-

496 3646 635 3712 cativum
659 3634 686 3709 ιὺ
710 3639 817 3730 σοφοί
838 3640 925 3705 nnlo
948 3661 1019 3705 cum
1040 3639 1252 3706 emolumento
1273 3638 1486 3705 invehendum
1522 3641 1629 3718 suasit,

496 3770 607 3815 uereor
627 3769 668 3813 ne
683 3768 797 3830 parum
816 3744 1008 3828 prudentem
1030 3748 1115 3811 corte
1129 3743 1229 3807 tutius
1251 3742 1351 3807 multo
1366 3745 1629 3825 transpositionis

496 3851 663 3919 machinae
683 3848 855 3915 movendae
874 3852 980 3927 erant,
1010 3853 1046 3913 ut
1064 3846 1254 3913 scriberetur
1276 3840 1400 3929 ὑμεῖς
1422 3843 1462 3913 οὶ
1486 3869 1540 3913 σο
1553 3848 1632 3935 φοί

498 3956 610 4040 (Cobet
640 3954 756 4020 Mnem.
788 3956 868 4020 1860
898 3974 930 4035 p.
956 3954 1044 4039 142).
1093 3952 1214 4018 Verum
1240 3974 1281 4017 ne
1309 3951 1516 4035 sicquidem
1544 3954 1632 4020 locus

496 4061 575 4127 satis
601 4063 690 4124 tutus
720 4054 893 4134 videbitur,
931 4055 993 4121 nisi
1020 4056 1091 4140 quis
1119 4056 1300 4138 pervicerit,
1323 4078 1466 4139 pausam,
1506 4058 1548 4123 in
1575 4080 1635 4143 qua

496 4160 628 4228 mirifice
647 4182 681 4226 se
696 4159 797 4225 iactat
811 4156 1006 4236 Voemelius,
1028 4162 1078 4222 sat
1093 4178 1241 4242 magnam
1254 4156 1365 4235 finisse,
1387 4163 1423 4222 ut
1434 4157 1635 4227 Plutarchus

496 4269 614 4352 inpune
642 4265 704 4331 sibi
725 4263 923 4347 permisisset
950 4262 1081 4329 hiatum.
1124 4263 1237 4346 ltaque
1264 4262 1303 4327 de
1324 4262 1385 4327 hoc
1407 4262 1477 4329 loco
1503 4272 1635 4350 guttam

496 4373 573 4439 boni
598 4371 722 4438 consilii
752 4391 817 4436 non
838 4369 958 4447 habeo,
990 4368 1052 4431 nisi
1078 4372 1115 4433 ut
1143 4366 1352 4451 adspirationi
1380 4366 1637 4437 condonandum

439 4497 446 4514 ‘
496 4473 647 4539 suadeam
668 4493 763 4556 quem
783 4472 949 4555 praestant
968 4468 1044 4534 libri
1064 4468 1196 4536 hiatum.
1239 4467 1360 4533 Eadem
1381 4505 1424 4515 —
1445 4468 1637 4557 defugimus

496 4577 582 4645 enim
611 4576 646 4641 in
673 4575 723 4639 his
746 4596 913 4659 μοκεονκιια
942 4571 1089 4652 artificia,
1120 4594 1201 4657 quae
1230 4592 1333 4655 nuper
1357 4570 1443 4637 haud
1468 4576 1640 4644 mediocri

496 4684 611 4750 horum
631 4679 809 4767 studiorum
829 4679 1010 4748 calamitate
1038 4677 1236 4763 pullulanint
1260 4712 1302 4725 -
1323 4674 1482 4759 adplicari
1509 4680 1639 4763 poterit
