<?xml version="1.0" encoding="UTF-8"?>
<!DOCTYPE html PUBLIC "-//W3C//DTD XHTML 1.0 Transitional//EN"
    "http://www.w3.org/TR/xhtml1/DTD/xhtml1-transitional.dtd">
<html xmlns="http://www.w3.org/1999/xhtml" xml:lang="en" lang="en">
 <head>
  <title>
</title>
<meta http-equiv="Content-Type" content="text/html;charset=utf-8" />
  <meta name='ocr-system' content='tesseract 3.04.00' />
  <meta name='ocr-capabilities' content='ocr_page ocr_carea ocr_par ocr_line ocrx_word'/>
</head>
<body>
  <div class='ocr_page' id='page_1' title='image "./vindiciarumplut00doehgoog_0043.png"; bbox 0 0 3700 5625; ppageno 0'>
   <div class='ocr_carea' id='block_1_1' title="bbox 680 651 893 717">
    <p class='ocr_par' dir='ltr' id='par_1_1' title="bbox 680 651 893 717">
     <span class='ocr_line' id='line_1_1' title="bbox 680 651 893 717; baseline -0.005 -17"><span class='ocrx_word' id='word_1_1' title='bbox 680 681 723 700; x_wconf 78' lang='grc'>...</span> <span class='ocrx_word' id='word_1_2' title='bbox 766 651 893 717; x_wconf 71' lang='lat'>25¹...</span> 
     </span>
    </p>
   </div>
   <div class='ocr_carea' id='block_1_2' title="bbox 227 817 1347 2905">
    <p class='ocr_par' dir='ltr' id='par_1_2' title="bbox 227 817 1347 2905">
     <span class='ocr_line' id='line_1_2' title="bbox 238 817 1346 910; baseline -0.002 -25"><span class='ocrx_word' id='word_1_3' title='bbox 238 817 329 910; x_wconf 83' lang='grc' dir='ltr'><strong><em>φίλει.</em></strong></span> <span class='ocrx_word' id='word_1_4' title='bbox 372 818 435 884; x_wconf 83' lang='lat' dir='ltr'>Sed</span> <span class='ocrx_word' id='word_1_5' title='bbox 456 839 582 885; x_wconf 89' lang='lat' dir='ltr'>omnem</span> <span class='ocrx_word' id='word_1_6' title='bbox 602 817 686 883; x_wconf 91' lang='lat' dir='ltr'>hanc</span> <span class='ocrx_word' id='word_1_7' title='bbox 706 818 746 884; x_wconf 87' lang='lat' dir='ltr'>de</span> <span class='ocrx_word' id='word_1_8' title='bbox 769 839 1013 904; x_wconf 83' lang='lat' dir='ltr'>synonymorum</span> <span class='ocrx_word' id='word_1_9' title='bbox 1034 818 1118 901; x_wconf 91' lang='lat' dir='ltr'>apud</span> <span class='ocrx_word' id='word_1_10' title='bbox 1140 818 1346 884; x_wconf 78' lang='lat' dir='ltr'><strong>Plutarchum</strong></span> 
     </span>
     <span class='ocr_line' id='line_1_3' title="bbox 236 924 1344 1018; baseline -0.004 -26"><span class='ocrx_word' id='word_1_11' title='bbox 236 925 434 992; x_wconf 79' lang='lat' dir='ltr'>cumulatione</span> <span class='ocrx_word' id='word_1_12' title='bbox 466 925 762 1018; x_wconf 90' lang='lat' dir='ltr'>conpositorumque</span> <span class='ocrx_word' id='word_1_13' title='bbox 791 924 960 991; x_wconf 82' lang='lat' dir='ltr'>verborum</span> <span class='ocrx_word' id='word_1_14' title='bbox 991 926 1215 991; x_wconf 88' lang='lat' dir='ltr'>adtenuaticne</span> <span class='ocrx_word' id='word_1_15' title='bbox 1249 945 1344 1007; x_wconf 87' lang='lat' dir='ltr'>quae·</span> 
     </span>
     <span class='ocr_line' id='line_1_4' title="bbox 235 1029 1347 1115; baseline -0.006 -16"><span class='ocrx_word' id='word_1_16' title='bbox 235 1035 370 1112; x_wconf 83' lang='lat' dir='ltr'>ationem,</span> <span class='ocrx_word' id='word_1_17' title='bbox 401 1033 616 1115; x_wconf 81' lang='lat' dir='ltr'>ampliandam</span> <span class='ocrx_word' id='word_1_18' title='bbox 649 1037 743 1115; x_wconf 84' lang='lat' dir='ltr'>puto&#39;</span> <span class='ocrx_word' id='word_1_19' title='bbox 760 1037 792 1098; x_wconf 89' lang='lat' dir='ltr'>et</span> <span class='ocrx_word' id='word_1_20' title='bbox 824 1031 1085 1115; x_wconf 87' lang='lat' dir='ltr'>exspectandum,</span> <span class='ocrx_word' id='word_1_21' title='bbox 1125 1031 1225 1096; x_wconf 89' lang='lat' dir='ltr'>donec</span> <span class='ocrx_word' id='word_1_22' title='bbox 1255 1029 1347 1093; x_wconf 92' lang='lat' dir='ltr'>finita</span> 
     </span>
     <span class='ocr_line' id='line_1_5' title="bbox 235 1138 1346 1226; baseline -0.005 -20"><span class='ocrx_word' id='word_1_23' title='bbox 235 1141 405 1226; x_wconf 81' lang='lat' dir='ltr'>digestaque</span> <span class='ocrx_word' id='word_1_24' title='bbox 437 1146 543 1218; x_wconf 81' lang='lat' dir='ltr'>erunt,</span> <span class='ocrx_word' id='word_1_25' title='bbox 577 1161 657 1224; x_wconf 89' lang='lat' dir='ltr'>quae</span> <span class='ocrx_word' id='word_1_26' title='bbox 687 1141 722 1204; x_wconf 91' lang='lat' dir='ltr'>in</span> <span class='ocrx_word' id='word_1_27' title='bbox 752 1141 836 1204; x_wconf 91' lang='lat' dir='ltr'>hunc</span> <span class='ocrx_word' id='word_1_28' title='bbox 868 1161 961 1204; x_wconf 92' lang='lat' dir='ltr'>usum</span> <span class='ocrx_word' id='word_1_29' title='bbox 989 1138 1100 1204; x_wconf 86' lang='lat' dir='ltr'>confici</span> <span class='ocrx_word' id='word_1_30' title='bbox 1132 1143 1245 1221; x_wconf 88' lang='lat' dir='ltr'>coepta</span> <span class='ocrx_word' id='word_1_31' title='bbox 1272 1141 1346 1201; x_wconf 89' lang='lat' dir='ltr'>sunt</span> 
     </span>
     <span class='ocr_line' id='line_1_6' title="bbox 235 1243 1346 1331; baseline -0.005 -19"><span class='ocrx_word' id='word_1_32' title='bbox 235 1247 433 1314; x_wconf 88' lang='lat' dir='ltr'>conlectauea.</span> <span class='ocrx_word' id='word_1_33' title='bbox 486 1248 559 1331; x_wconf 83' lang='lat' dir='ltr'>Pag.</span> <span class='ocrx_word' id='word_1_34' title='bbox 590 1252 629 1314; x_wconf 87' lang='grc'>36</span> <span class='ocrx_word' id='word_1_35' title='bbox 657 1247 698 1312; x_wconf 92' lang='lat' dir='ltr'>ad</span> <span class='ocrx_word' id='word_1_36' title='bbox 727 1248 831 1313; x_wconf 92' lang='lat' dir='ltr'>locum</span> <span class='ocrx_word' id='word_1_37' title='bbox 861 1246 1030 1313; x_wconf 85' lang='lat' dir='ltr'>Clementis</span> <span class='ocrx_word' id='word_1_38' title='bbox 1057 1245 1138 1312; x_wconf 88' lang='lat' dir='ltr'>addc</span> <span class='ocrx_word' id='word_1_39' title='bbox 1167 1243 1346 1311; x_wconf 90' lang='lat' dir='ltr'>Manuelcm</span> 
     </span>
     <span class='ocr_line' id='line_1_7' title="bbox 233 1345 1345 1441; baseline -0.003 -23"><span class='ocrx_word' id='word_1_40' title='bbox 233 1352 442 1437; x_wconf 84' lang='lat' dir='ltr'>Palaeclogum</span> <span class='ocrx_word' id='word_1_41' title='bbox 472 1353 557 1436; x_wconf 91' lang='lat' dir='ltr'>apud</span> <span class='ocrx_word' id='word_1_42' title='bbox 587 1352 728 1419; x_wconf 90' lang='lat' dir='ltr'>Boisson.</span> <span class='ocrx_word' id='word_1_43' title='bbox 757 1355 874 1421; x_wconf 84' lang='lat' dir='ltr'>Anecd.</span> <span class='ocrx_word' id='word_1_44' title='bbox 897 1353 931 1418; x_wconf 91' lang='lat' dir='ltr'>II</span> <span class='ocrx_word' id='word_1_45' title='bbox 952 1375 981 1438; x_wconf 92' lang='lat' dir='ltr'>p.</span> <span class='ocrx_word' id='word_1_46' title='bbox 1002 1358 1081 1421; x_wconf 79' lang='lat'>284:</span> <span class='ocrx_word' id='word_1_47' title='bbox 1116 1349 1150 1417; x_wconf 82' lang='grc' dir='ltr'>τί</span> <span class='ocrx_word' id='word_1_48' title='bbox 1171 1352 1233 1441; x_wconf 78' lang='grc' dir='ltr'>γὰρ</span> <span class='ocrx_word' id='word_1_49' title='bbox 1261 1345 1345 1416; x_wconf 83' lang='grc' dir='ltr'><strong><em>ἀλλο</em></strong></span> 
     </span>
     <span class='ocr_line' id='line_1_8' title="bbox 233 1447 1346 1546; baseline 0 -25"><span class='ocrx_word' id='word_1_50' title='bbox 233 1452 266 1521; x_wconf 87' lang='grc' dir='ltr'>τό</span> <span class='ocrx_word' id='word_1_51' title='bbox 286 1447 368 1540; x_wconf 73' lang='lat' dir='ltr'>putta</span> <span class='ocrx_word' id='word_1_52' title='bbox 390 1451 483 1521; x_wconf 79' lang='grc' dir='ltr'><strong><em>ι’έτιοι</em></strong></span> <span class='ocrx_word' id='word_1_53' title='bbox 506 1479 556 1533; x_wconf 89' lang='grc' dir='ltr'>τις</span> <span class='ocrx_word' id='word_1_54' title='bbox 578 1448 618 1521; x_wconf 78' lang='grc' dir='ltr'><strong><em>όν</em></strong></span> <span class='ocrx_word' id='word_1_55' title='bbox 644 1449 665 1543; x_wconf 82' lang='grc' dir='ltr'>ἢ</span> <span class='ocrx_word' id='word_1_56' title='bbox 688 1450 879 1546; x_wconf 68' lang='grc' dir='ltr'><strong><em>ἀνθρώπων</em></strong></span> <span class='ocrx_word' id='word_1_57' title='bbox 904 1448 1005 1540; x_wconf 81' lang='grc' dir='ltr'><strong><em>αἷμα,</em></strong></span> <span class='ocrx_word' id='word_1_58' title='bbox 1041 1458 1091 1522; x_wconf 92' lang='lat' dir='ltr'>cui</span> <span class='ocrx_word' id='word_1_59' title='bbox 1110 1457 1211 1522; x_wconf 78' lang='lat' dir='ltr'>videri</span> <span class='ocrx_word' id='word_1_60' title='bbox 1241 1461 1346 1539; x_wconf 90' lang='lat' dir='ltr'>potest</span> 
     </span>
     <span class='ocr_line' id='line_1_9' title="bbox 235 1558 1344 1644; baseline -0.002 -19"><span class='ocrx_word' id='word_1_61' title='bbox 235 1559 394 1626; x_wconf 82' lang='lat' dir='ltr'>Clementis</span> <span class='ocrx_word' id='word_1_62' title='bbox 416 1560 503 1624; x_wconf 90' lang='lat' dir='ltr'>locus</span> <span class='ocrx_word' id='word_1_63' title='bbox 534 1561 717 1626; x_wconf 88' lang='lat' dir='ltr'>obversatus</span> <span class='ocrx_word' id='word_1_64' title='bbox 739 1583 822 1640; x_wconf 78' lang='lat' dir='ltr'>csse,</span> <span class='ocrx_word' id='word_1_65' title='bbox 855 1583 892 1627; x_wconf 91' lang='lat' dir='ltr'>ao</span> <span class='ocrx_word' id='word_1_66' title='bbox 924 1561 1072 1627; x_wconf 90' lang='lat' dir='ltr'>similiter</span> <span class='ocrx_word' id='word_1_67' title='bbox 1100 1560 1228 1644; x_wconf 81' lang='lat' dir='ltr'>sanguis</span> <span class='ocrx_word' id='word_1_68' title='bbox 1260 1558 1344 1642; x_wconf 92' lang='lat' dir='ltr'>apud</span> 
     </span>
     <span class='ocr_line' id='line_1_10' title="bbox 232 1658 1343 1752; baseline -0.001 -24"><span class='ocrx_word' id='word_1_69' title='bbox 232 1661 354 1728; x_wconf 89' lang='lat' dir='ltr'>eundem</span> <span class='ocrx_word' id='word_1_70' title='bbox 378 1661 572 1729; x_wconf 79' lang='lat' dir='ltr'>Clementem</span> <span class='ocrx_word' id='word_1_71' title='bbox 592 1665 684 1730; x_wconf 90' lang='lat' dir='ltr'>Paed.</span> <span class='ocrx_word' id='word_1_72' title='bbox 708 1665 723 1728; x_wconf 90' lang='lat'>1</span> <span class='ocrx_word' id='word_1_73' title='bbox 744 1687 774 1747; x_wconf 88' lang='lat' dir='ltr'>p.</span> <span class='ocrx_word' id='word_1_74' title='bbox 800 1671 872 1742; x_wconf 90' lang='grc'>121,</span> <span class='ocrx_word' id='word_1_75' title='bbox 903 1670 943 1731; x_wconf 86' lang='grc'>25</span> <span class='ocrx_word' id='word_1_76' title='bbox 967 1665 999 1733; x_wconf 90' lang='lat' dir='ltr'>P.</span> <span class='ocrx_word' id='word_1_77' title='bbox 1022 1665 1112 1730; x_wconf 89' lang='lat' dir='ltr'>audit</span> <span class='ocrx_word' id='word_1_78' title='bbox 1136 1659 1219 1749; x_wconf 77' lang='grc' dir='ltr'>ὖγρά</span> <span class='ocrx_word' id='word_1_79' title='bbox 1243 1658 1343 1752; x_wconf 83' lang='grc' dir='ltr'><strong><em>σάρξ,·</em></strong></span> 
     </span>
     <span class='ocr_line' id='line_1_11' title="bbox 230 1765 1345 1853; baseline 0.002 -22"><span class='ocrx_word' id='word_1_80' title='bbox 230 1771 316 1849; x_wconf 88' lang='lat' dir='ltr'>atque</span> <span class='ocrx_word' id='word_1_81' title='bbox 331 1765 422 1830; x_wconf 84' lang='lat' dir='ltr'>affini</span> <span class='ocrx_word' id='word_1_82' title='bbox 436 1768 622 1850; x_wconf 77' lang='lat' dir='ltr'>metaphora</span> <span class='ocrx_word' id='word_1_83' title='bbox 635 1769 737 1832; x_wconf 87' lang='lat' dir='ltr'>utitur</span> <span class='ocrx_word' id='word_1_84' title='bbox 753 1769 848 1835; x_wconf 90' lang='lat' dir='ltr'>etiam</span> <span class='ocrx_word' id='word_1_85' title='bbox 860 1769 921 1833; x_wconf 92' lang='lat' dir='ltr'>Dio</span> <span class='ocrx_word' id='word_1_86' title='bbox 939 1768 1046 1853; x_wconf 80' lang='lat' dir='ltr'><strong>Chrys,</strong></span> <span class='ocrx_word' id='word_1_87' title='bbox 1062 1790 1105 1833; x_wconf 88' lang='lat' dir='ltr'>or.</span> <span class='ocrx_word' id='word_1_88' title='bbox 1119 1769 1241 1836; x_wconf 87' lang='lat' dir='ltr'>XXXV</span> <span class='ocrx_word' id='word_1_89' title='bbox 1252 1788 1282 1850; x_wconf 91' lang='lat' dir='ltr'>p.</span> <span class='ocrx_word' id='word_1_90' title='bbox 1296 1774 1345 1846; x_wconf 82' lang='lat'>45,</span> 
     </span>
     <span class='ocr_line' id='line_1_12' title="bbox 233 1869 1347 1962; baseline 0.001 -27"><span class='ocrx_word' id='word_1_91' title='bbox 233 1876 265 1936; x_wconf 84' lang='lat'>12</span> <span class='ocrx_word' id='word_1_92' title='bbox 277 1871 311 1935; x_wconf 87' lang='lat' dir='ltr'>D.</span> <span class='ocrx_word' id='word_1_93' title='bbox 327 1869 510 1955; x_wconf 79' lang='grc' dir='ltr'><strong><em>(ποταμοὶ)</em></strong></span> <span class='ocrx_word' id='word_1_94' title='bbox 528 1871 661 1960; x_wconf 77' lang='grc' dir='ltr'><strong><em>ῥέουσιν</em></strong></span> <span class='ocrx_word' id='word_1_95' title='bbox 677 1869 816 1961; x_wconf 64' lang='lat' dir='ltr'>typhoea</span> <span class='ocrx_word' id='word_1_96' title='bbox 832 1870 869 1938; x_wconf 78' lang='grc' dir='ltr'>ἐκ</span> <span class='ocrx_word' id='word_1_97' title='bbox 884 1871 1009 1959; x_wconf 82' lang='grc' dir='ltr'><strong><em>λόφων,</em></strong></span> <span class='ocrx_word' id='word_1_98' title='bbox 1033 1869 1147 1962; x_wconf 76' lang='grc' dir='ltr'><strong><em>ὥσπερ</em></strong></span> <span class='ocrx_word' id='word_1_99' title='bbox 1162 1873 1198 1939; x_wconf 87' lang='grc' dir='ltr'>έκ</span> <span class='ocrx_word' id='word_1_100' title='bbox 1213 1877 1347 1957; x_wconf 79' lang='grc' dir='ltr'><strong><em>μαστῶν</em></strong></span> 
     </span>
     <span class='ocr_line' id='line_1_13' title="bbox 229 1977 1346 2063; baseline 0.003 -23"><span class='ocrx_word' id='word_1_101' title='bbox 229 1978 279 2063; x_wconf 80' lang='grc' dir='ltr'>τῆς</span> <span class='ocrx_word' id='word_1_102' title='bbox 299 1978 364 2063; x_wconf 79' lang='grc' dir='ltr'>γῆς.</span> <span class='ocrx_word' id='word_1_103' title='bbox 409 1977 483 2062; x_wconf 87' lang='lat' dir='ltr'>Pag.</span> <span class='ocrx_word' id='word_1_104' title='bbox 506 1982 554 2045; x_wconf 93' lang='grc'>37.</span> <span class='ocrx_word' id='word_1_105' title='bbox 578 1977 684 2046; x_wconf 83' lang='lat' dir='ltr'>Adde:</span> <span class='ocrx_word' id='word_1_106' title='bbox 708 1979 793 2063; x_wconf 92' lang='lat' dir='ltr'>quod</span> <span class='ocrx_word' id='word_1_107' title='bbox 809 1979 953 2044; x_wconf 83' lang='lat' dir='ltr'>Clemens</span> <span class='ocrx_word' id='word_1_108' title='bbox 974 1979 1131 2044; x_wconf 88' lang='lat' dir='ltr'>mamillas</span> <span class='ocrx_word' id='word_1_109' title='bbox 1153 1979 1346 2062; x_wconf 83' lang='lat' dir='ltr'>nuncupavit</span> 
     </span>
     <span class='ocr_line' id='line_1_14' title="bbox 231 2075 1344 2167; baseline 0.004 -24"><span class='ocrx_word' id='word_1_110' title='bbox 231 2075 385 2166; x_wconf 84' lang='grc' dir='ltr'><strong><em>όρ3οός</em></strong></span> <span class='ocrx_word' id='word_1_111' title='bbox 408 2081 429 2144; x_wconf 96' lang='lat' dir='ltr'>i.</span> <span class='ocrx_word' id='word_1_112' title='bbox 451 2103 477 2149; x_wconf 89' lang='lat' dir='ltr'>c.</span> <span class='ocrx_word' id='word_1_113' title='bbox 499 2083 703 2161; x_wconf 68' lang='lat' dir='ltr'>sororiantes</span> <span class='ocrx_word' id='word_1_114' title='bbox 732 2082 767 2147; x_wconf 91' lang='lat' dir='ltr'>id</span> <span class='ocrx_word' id='word_1_115' title='bbox 789 2084 908 2167; x_wconf 89' lang='lat' dir='ltr'>optimo</span> <span class='ocrx_word' id='word_1_116' title='bbox 935 2084 1003 2149; x_wconf 90' lang='lat' dir='ltr'>iure</span> <span class='ocrx_word' id='word_1_117' title='bbox 1025 2083 1116 2165; x_wconf 80' lang='lat' dir='ltr'>fecit3</span> <span class='ocrx_word' id='word_1_118' title='bbox 1139 2085 1193 2149; x_wconf 86' lang='lat' dir='ltr'>cfr.</span> <span class='ocrx_word' id='word_1_119' title='bbox 1215 2084 1344 2167; x_wconf 90' lang='lat' dir='ltr'>Procop.</span> 
     </span>
     <span class='ocr_line' id='line_1_15' title="bbox 227 2184 1345 2278; baseline 0.003 -28"><span class='ocrx_word' id='word_1_120' title='bbox 227 2186 290 2251; x_wconf 83' lang='lat' dir='ltr'>hist.</span> <span class='ocrx_word' id='word_1_121' title='bbox 302 2208 402 2270; x_wconf 79' lang='lat' dir='ltr'>arcp.</span> <span class='ocrx_word' id='word_1_122' title='bbox 413 2193 463 2266; x_wconf 89' lang='grc'>67,</span> <span class='ocrx_word' id='word_1_123' title='bbox 479 2194 517 2254; x_wconf 84' lang='grc'>16</span> <span class='ocrx_word' id='word_1_124' title='bbox 537 2188 709 2274; x_wconf 64' lang='grc' dir='ltr'><strong><em>παρθένον</em></strong></span> <span class='ocrx_word' id='word_1_125' title='bbox 722 2190 796 2254; x_wconf 82' lang='grc' dir='ltr'><strong><em>τινὰ</em></strong></span> <span class='ocrx_word' id='word_1_126' title='bbox 809 2188 864 2254; x_wconf 87' lang='grc' dir='ltr'><strong><em>καί</em></strong></span> <span class='ocrx_word' id='word_1_127' title='bbox 883 2187 921 2254; x_wconf 84' lang='grc' dir='ltr'>τό</span> <span class='ocrx_word' id='word_1_128' title='bbox 943 2185 1172 2276; x_wconf 70' lang='grc' dir='ltr'><strong><em>δῆλεγόμενον</em></strong></span> <span class='ocrx_word' id='word_1_129' title='bbox 1184 2184 1345 2278; x_wconf 73' lang='grc' dir='ltr'><strong><em>όρόσιιί-</em></strong></span> 
     </span>
     <span class='ocr_line' id='line_1_16' title="bbox 229 2289 1345 2375; baseline 0.004 -23"><span class='ocrx_word' id='word_1_130' title='bbox 229 2293 308 2368; x_wconf 79' lang='grc' dir='ltr'><strong><em>θιυν,</em></strong></span> <span class='ocrx_word' id='word_1_131' title='bbox 331 2289 538 2355; x_wconf 84' lang='lat' dir='ltr'>inlustratum</span> <span class='ocrx_word' id='word_1_132' title='bbox 559 2291 656 2358; x_wconf 87' lang='lat' dir='ltr'>etiam</span> <span class='ocrx_word' id='word_1_133' title='bbox 678 2293 718 2358; x_wconf 91' lang='lat' dir='ltr'>ab</span> <span class='ocrx_word' id='word_1_134' title='bbox 738 2292 817 2356; x_wconf 91' lang='lat' dir='ltr'>aliis.</span> <span class='ocrx_word' id='word_1_135' title='bbox 861 2293 907 2357; x_wconf 82' lang='lat' dir='ltr'>Ao</span> <span class='ocrx_word' id='word_1_136' title='bbox 929 2293 1065 2358; x_wconf 87' lang='lat' dir='ltr'>similem</span> <span class='ocrx_word' id='word_1_137' title='bbox 1085 2293 1345 2375; x_wconf 86' lang='lat' dir='ltr'>prosopopoeiam</span> 
     </span>
     <span class='ocr_line' id='line_1_17' title="bbox 229 2390 1344 2483; baseline 0.002 -23"><span class='ocrx_word' id='word_1_138' title='bbox 229 2417 313 2460; x_wconf 91' lang='lat' dir='ltr'>ausus</span> <span class='ocrx_word' id='word_1_139' title='bbox 334 2401 382 2462; x_wconf 91' lang='lat' dir='ltr'>est</span> <span class='ocrx_word' id='word_1_140' title='bbox 403 2396 658 2482; x_wconf 82' lang='lat' dir='ltr'>Theophylactus</span> <span class='ocrx_word' id='word_1_141' title='bbox 681 2400 753 2463; x_wconf 85' lang='lat' dir='ltr'>hist.</span> <span class='ocrx_word' id='word_1_142' title='bbox 769 2399 807 2477; x_wconf 81' lang='lat' dir='ltr'>V,</span> <span class='ocrx_word' id='word_1_143' title='bbox 825 2406 844 2466; x_wconf 87' lang='grc'>4</span> <span class='ocrx_word' id='word_1_144' title='bbox 859 2421 889 2483; x_wconf 92' lang='lat' dir='ltr'>p.</span> <span class='ocrx_word' id='word_1_145' title='bbox 905 2404 982 2477; x_wconf 90' lang='grc'>212,</span> <span class='ocrx_word' id='word_1_146' title='bbox 1005 2405 1024 2464; x_wconf 93' lang='grc'>2</span> <span class='ocrx_word' id='word_1_147' title='bbox 1048 2392 1108 2463; x_wconf 85' lang='grc' dir='ltr'>οάκ</span> <span class='ocrx_word' id='word_1_148' title='bbox 1131 2390 1200 2463; x_wconf 77' lang='grc' dir='ltr'><strong><em>οἶδε</em></strong></span> <span class='ocrx_word' id='word_1_149' title='bbox 1222 2395 1264 2462; x_wconf 80' lang='grc' dir='ltr'>τό</span> <span class='ocrx_word' id='word_1_150' title='bbox 1284 2421 1344 2478; x_wconf 80' lang='grc' dir='ltr'>με·</span> 
     </span>
     <span class='ocr_line' id='line_1_18' title="bbox 233 2497 1346 2589; baseline 0.004 -25"><span class='ocrx_word' id='word_1_151' title='bbox 233 2497 373 2589; x_wconf 74' lang='grc' dir='ltr'><strong><em>τάρρτνα</em></strong></span> <span class='ocrx_word' id='word_1_152' title='bbox 387 2500 481 2588; x_wconf 80' lang='grc' dir='ltr'><strong><em>νίκην</em></strong></span> <span class='ocrx_word' id='word_1_153' title='bbox 495 2499 704 2567; x_wconf 64' lang='grc' dir='ltr'><strong><em>θεάσασθαι.</em></strong></span> <span class='ocrx_word' id='word_1_154' title='bbox 748 2505 781 2572; x_wconf 91' lang='grc' dir='ltr'>Ρ.</span> <span class='ocrx_word' id='word_1_155' title='bbox 798 2507 838 2571; x_wconf 89' lang='grc'>38</span> <span class='ocrx_word' id='word_1_156' title='bbox 858 2501 928 2584; x_wconf 78' lang='grc' dir='ltr'>ἅμα</span> <span class='ocrx_word' id='word_1_157' title='bbox 945 2499 1055 2579; x_wconf 53' lang='grc' dir='ltr'>κοινόςΙ</span> <span class='ocrx_word' id='word_1_158' title='bbox 1071 2503 1235 2568; x_wconf 82' lang='lat' dir='ltr'>coniunxit</span> <span class='ocrx_word' id='word_1_159' title='bbox 1249 2503 1346 2568; x_wconf 88' lang='lat' dir='ltr'>etiam</span> 
     </span>
     <span class='ocr_line' id='line_1_19' title="bbox 229 2601 1346 2696; baseline 0.004 -28"><span class='ocrx_word' id='word_1_160' title='bbox 229 2605 405 2694; x_wconf 78' lang='lat' dir='ltr'>Plutarchus</span> <span class='ocrx_word' id='word_1_161' title='bbox 428 2607 534 2674; x_wconf 87' lang='lat' dir='ltr'>Them.</span> <span class='ocrx_word' id='word_1_162' title='bbox 566 2612 604 2675; x_wconf 84' lang='grc'>13</span> <span class='ocrx_word' id='word_1_163' title='bbox 634 2604 666 2672; x_wconf 82' lang='lat' dir='ltr'>oi</span> <span class='ocrx_word' id='word_1_164' title='bbox 691 2607 813 2690; x_wconf 81' lang='grc' dir='ltr'><strong><em>πολλοὶ</em></strong></span> <span class='ocrx_word' id='word_1_165' title='bbox 841 2606 1003 2674; x_wconf 75' lang='grc' dir='ltr'><strong><em>τὸνθεόν</em></strong></span> <span class='ocrx_word' id='word_1_166' title='bbox 1026 2601 1096 2690; x_wconf 76' lang='grc' dir='ltr'>ἅμα</span> <span class='ocrx_word' id='word_1_167' title='bbox 1124 2611 1221 2696; x_wconf 79' lang='grc' dir='ltr'><strong><em>κοινῇ</em></strong></span> <span class='ocrx_word' id='word_1_168' title='bbox 1250 2632 1346 2673; x_wconf 86' lang='grc' dir='ltr'><strong><em>κατε-</em></strong></span> 
     </span>
     <span class='ocr_line' id='line_1_20' title="bbox 228 2710 1344 2801; baseline 0.004 -28"><span class='ocrx_word' id='word_1_169' title='bbox 228 2710 376 2777; x_wconf 82' lang='grc' dir='ltr'><strong><em>καλοῦντο</em></strong></span> <span class='ocrx_word' id='word_1_170' title='bbox 404 2715 515 2801; x_wconf 77' lang='grc' dir='ltr'><strong><em>φωνῇ,</em></strong></span> <span class='ocrx_word' id='word_1_171' title='bbox 539 2713 654 2797; x_wconf 89' lang='lat' dir='ltr'>quibus</span> <span class='ocrx_word' id='word_1_172' title='bbox 676 2736 818 2799; x_wconf 87' lang='lat' dir='ltr'>conpone</span> <span class='ocrx_word' id='word_1_173' title='bbox 838 2715 867 2781; x_wconf 88' lang='lat' dir='ltr'>S.</span> <span class='ocrx_word' id='word_1_174' title='bbox 887 2715 995 2800; x_wconf 82' lang='lat' dir='ltr'>Chrys.</span> <span class='ocrx_word' id='word_1_175' title='bbox 1011 2737 1040 2799; x_wconf 88' lang='lat' dir='ltr'>p.</span> <span class='ocrx_word' id='word_1_176' title='bbox 1060 2721 1109 2795; x_wconf 81' lang='lat'>90,</span> <span class='ocrx_word' id='word_1_177' title='bbox 1132 2721 1173 2782; x_wconf 89' lang='grc'>23</span> <span class='ocrx_word' id='word_1_178' title='bbox 1196 2711 1258 2793; x_wconf 81' lang='grc' dir='ltr'>μία</span> <span class='ocrx_word' id='word_1_179' title='bbox 1276 2712 1344 2781; x_wconf 84' lang='grc' dir='ltr'><strong><em>λεί-</em></strong></span> 
     </span>
     <span class='ocr_line' id='line_1_21' title="bbox 230 2810 1346 2905; baseline 0.006 -28"><span class='ocrx_word' id='word_1_180' title='bbox 230 2836 319 2879; x_wconf 86' lang='grc' dir='ltr'><strong><em>ιιιται</em></strong></span> <span class='ocrx_word' id='word_1_181' title='bbox 348 2815 525 2905; x_wconf 82' lang='grc' dir='ltr'><strong><em>πρόφασις</em></strong></span> <span class='ocrx_word' id='word_1_182' title='bbox 557 2810 661 2884; x_wconf 80' lang='grc' dir='ltr'><strong><em>αὐτοῦ</em></strong></span> <span class='ocrx_word' id='word_1_183' title='bbox 690 2816 795 2905; x_wconf 68' lang='lat' dir='ltr'>prim,-</span> <span class='ocrx_word' id='word_1_184' title='bbox 831 2820 886 2885; x_wconf 90' lang='lat' dir='ltr'>sed</span> <span class='ocrx_word' id='word_1_185' title='bbox 918 2820 1013 2886; x_wconf 91' lang='lat' dir='ltr'>credo</span> <span class='ocrx_word' id='word_1_186' title='bbox 1045 2820 1150 2886; x_wconf 91' lang='lat' dir='ltr'>adhuc</span> <span class='ocrx_word' id='word_1_187' title='bbox 1177 2819 1346 2886; x_wconf 84' lang='lat' dir='ltr'>Clementis</span> 
     </span>
    </p>
   </div>
   <div class='ocr_carea' id='block_1_3' title="bbox 230 2914 1473 3003">
    <p class='ocr_par' dir='ltr' id='par_1_3' title="bbox 230 2914 1473 3003">
     <span class='ocr_line' id='line_1_22' title="bbox 230 2914 1473 3003; baseline 0.003 -25"><span class='ocrx_word' id='word_1_188' title='bbox 230 2914 320 2981; x_wconf 93' lang='lat' dir='ltr'>locum</span> <span class='ocrx_word' id='word_1_189' title='bbox 341 2918 375 2981; x_wconf 88' lang='lat' dir='ltr'>in</span> <span class='ocrx_word' id='word_1_190' title='bbox 398 2917 557 3002; x_wconf 88' lang='lat' dir='ltr'>Protrept.</span> <span class='ocrx_word' id='word_1_191' title='bbox 581 2919 626 2998; x_wconf 90' lang='lat' dir='ltr'>ll,</span> <span class='ocrx_word' id='word_1_192' title='bbox 655 2927 674 2986; x_wconf 91' lang='grc'><strong>4</strong></span> <span class='ocrx_word' id='word_1_193' title='bbox 695 2940 725 3003; x_wconf 90' lang='lat' dir='ltr'>p.</span> <span class='ocrx_word' id='word_1_194' title='bbox 746 2928 819 2999; x_wconf 88' lang='grc'>194,</span> <span class='ocrx_word' id='word_1_195' title='bbox 840 2927 881 2989; x_wconf 88' lang='grc'>36</span> <span class='ocrx_word' id='word_1_196' title='bbox 909 2944 949 2988; x_wconf 84' lang='lat' dir='ltr'>ex</span> <span class='ocrx_word' id='word_1_197' title='bbox 970 2922 1134 2987; x_wconf 88' lang='lat' dir='ltr'>Plutarchi</span> <span class='ocrx_word' id='word_1_198' title='bbox 1156 2921 1255 3003; x_wconf 89' lang='lat' dir='ltr'>copiis</span> <span class='ocrx_word' id='word_1_199' title='bbox 1276 2943 1342 2988; x_wconf 89' lang='lat' dir='ltr'>cor·</span> <span class='ocrx_word' id='word_1_200' title='bbox 1471 2979 1473 2982; x_wconf 84' lang='lat'>.</span> 
     </span>
    </p>
   </div>
   <div class='ocr_carea' id='block_1_4' title="bbox 229 3020 1401 4662">
    <p class='ocr_par' dir='ltr' id='par_1_4' title="bbox 229 3020 1401 4662">
     <span class='ocr_line' id='line_1_23' title="bbox 229 3020 1345 3108; baseline 0.006 -27"><span class='ocrx_word' id='word_1_201' title='bbox 229 3020 384 3103; x_wconf 80' lang='lat' dir='ltr'>rigandum</span> <span class='ocrx_word' id='word_1_202' title='bbox 411 3044 489 3089; x_wconf 90' lang='lat' dir='ltr'>esse.</span> <span class='ocrx_word' id='word_1_203' title='bbox 543 3023 616 3107; x_wconf 86' lang='lat' dir='ltr'>Peg.</span> <span class='ocrx_word' id='word_1_204' title='bbox 644 3028 684 3091; x_wconf 84' lang='grc'>39</span> <span class='ocrx_word' id='word_1_205' title='bbox 714 3024 831 3090; x_wconf 91' lang='lat' dir='ltr'>nimius</span> <span class='ocrx_word' id='word_1_206' title='bbox 859 3025 920 3101; x_wconf 86' lang='lat' dir='ltr'>fui,</span> <span class='ocrx_word' id='word_1_207' title='bbox 950 3031 987 3089; x_wconf 89' lang='lat' dir='ltr'>ut</span> <span class='ocrx_word' id='word_1_208' title='bbox 1010 3026 1065 3108; x_wconf 93' lang='lat' dir='ltr'>qui</span> <span class='ocrx_word' id='word_1_209' title='bbox 1088 3023 1279 3089; x_wconf 82' lang='lat' dir='ltr'>Clementem</span> <span class='ocrx_word' id='word_1_210' title='bbox 1306 3046 1345 3091; x_wconf 85' lang='lat' dir='ltr'>ex</span> 
     </span>
     <span class='ocr_line' id='line_1_24' title="bbox 229 3121 1346 3217; baseline 0.007 -32"><span class='ocrx_word' id='word_1_211' title='bbox 229 3121 386 3191; x_wconf 86' lang='lat' dir='ltr'>Plutarcho</span> <span class='ocrx_word' id='word_1_212' title='bbox 402 3126 614 3211; x_wconf 86' lang='lat' dir='ltr'>desumpsisse</span> <span class='ocrx_word' id='word_1_213' title='bbox 630 3128 792 3194; x_wconf 81' lang='lat' dir='ltr'>crederem</span> <span class='ocrx_word' id='word_1_214' title='bbox 808 3130 826 3192; x_wconf 84' lang='grc'><strong>6</strong></span> <span class='ocrx_word' id='word_1_215' title='bbox 835 3126 848 3193; x_wconf 88' lang='grc' dir='ltr'>τ’</span> <span class='ocrx_word' id='word_1_216' title='bbox 856 3154 899 3214; x_wconf 80' lang='grc' dir='ltr'>κρ</span> <span class='ocrx_word' id='word_1_217' title='bbox 909 3156 927 3193; x_wconf 87' lang='grc' dir='ltr'><strong><em>ν</em></strong></span> <span class='ocrx_word' id='word_1_218' title='bbox 948 3121 1246 3217; x_wconf 75' lang='grc' dir='ltr'><strong><em>ἀλεκτρυόνος,</em></strong></span> <span class='ocrx_word' id='word_1_219' title='bbox 1272 3151 1346 3193; x_wconf 88' lang='lat' dir='ltr'>nam</span> 
     </span>
     <span class='ocr_line' id='line_1_25' title="bbox 229 3228 1401 3319; baseline 0.008 -27"><span class='ocrx_word' id='word_1_220' title='bbox 229 3232 425 3309; x_wconf 84' lang='lat' dir='ltr'>proverbialis</span> <span class='ocrx_word' id='word_1_221' title='bbox 456 3234 534 3301; x_wconf 89' lang='lat' dir='ltr'>haec</span> <span class='ocrx_word' id='word_1_222' title='bbox 567 3236 668 3299; x_wconf 89' lang='lat' dir='ltr'>instar</span> <span class='ocrx_word' id='word_1_223' title='bbox 697 3228 868 3300; x_wconf 88' lang='lat' dir='ltr'>locutionis</span> <span class='ocrx_word' id='word_1_224' title='bbox 896 3240 1098 3319; x_wconf 89' lang='lat' dir='ltr'>promuntur,</span> <span class='ocrx_word' id='word_1_225' title='bbox 1134 3236 1232 3303; x_wconf 90' lang='lat' dir='ltr'>veluti</span> <span class='ocrx_word' id='word_1_226' title='bbox 1262 3237 1347 3318; x_wconf 93' lang='lat' dir='ltr'>apud</span> <span class='ocrx_word' id='word_1_227' title='bbox 1397 3254 1401 3261; x_wconf 88' lang='lat'>·</span> 
     </span>
     <span class='ocr_line' id='line_1_26' title="bbox 231 3330 1345 3418; baseline 0.005 -24"><span class='ocrx_word' id='word_1_228' title='bbox 231 3330 332 3397; x_wconf 77' lang='lat' dir='ltr'>Athen.</span> <span class='ocrx_word' id='word_1_229' title='bbox 345 3334 396 3398; x_wconf 87' lang='lat'>111</span> <span class='ocrx_word' id='word_1_230' title='bbox 415 3356 447 3418; x_wconf 89' lang='lat' dir='ltr'>p.</span> <span class='ocrx_word' id='word_1_231' title='bbox 468 3340 557 3403; x_wconf 79' lang='grc' dir='ltr'>127υ</span> <span class='ocrx_word' id='word_1_232' title='bbox 579 3340 611 3400; x_wconf 91' lang='lat' dir='ltr'>et</span> <span class='ocrx_word' id='word_1_233' title='bbox 633 3336 752 3418; x_wconf 88' lang='lat' dir='ltr'>passim</span> <span class='ocrx_word' id='word_1_234' title='bbox 774 3358 844 3401; x_wconf 89' lang='lat' dir='ltr'>cum</span> <span class='ocrx_word' id='word_1_235' title='bbox 861 3336 946 3417; x_wconf 81' lang='lat' dir='ltr'>apud</span> <span class='ocrx_word' id='word_1_236' title='bbox 962 3335 1167 3400; x_wconf 87' lang='lat' dir='ltr'>Plutarchum</span> <span class='ocrx_word' id='word_1_237' title='bbox 1183 3334 1250 3418; x_wconf 84' lang='lat' dir='ltr'>(cfr.</span> <span class='ocrx_word' id='word_1_238' title='bbox 1267 3334 1345 3400; x_wconf 88' lang='lat' dir='ltr'>Mor.</span> 
     </span>
     <span class='ocr_line' id='line_1_27' title="bbox 232 3434 1346 3529; baseline 0 -28"><span class='ocrx_word' id='word_1_239' title='bbox 232 3456 258 3517; x_wconf 92' lang='lat' dir='ltr'>p.</span> <span class='ocrx_word' id='word_1_240' title='bbox 270 3442 353 3504; x_wconf 79' lang='lat'>7940</span> <span class='ocrx_word' id='word_1_241' title='bbox 368 3436 465 3527; x_wconf 80' lang='grc' dir='ltr'><strong><em>δίκην</em></strong></span> <span class='ocrx_word' id='word_1_242' title='bbox 480 3434 699 3529; x_wconf 73' lang='grc' dir='ltr'><strong><em>ἀλεκτρυόνος</em></strong></span> <span class='ocrx_word' id='word_1_243' title='bbox 716 3434 895 3529; x_wconf 81' lang='grc' dir='ltr'><strong><em>ἀντᾴδειν),</em></strong></span> <span class='ocrx_word' id='word_1_244' title='bbox 912 3447 981 3505; x_wconf 89' lang='lat' dir='ltr'>tum</span> <span class='ocrx_word' id='word_1_245' title='bbox 995 3439 1079 3523; x_wconf 88' lang='lat' dir='ltr'>apud</span> <span class='ocrx_word' id='word_1_246' title='bbox 1101 3439 1194 3515; x_wconf 86' lang='lat' dir='ltr'>alios,</span> <span class='ocrx_word' id='word_1_247' title='bbox 1213 3458 1346 3523; x_wconf 91' lang='lat' dir='ltr'>qnorum</span> 
     </span>
     <span class='ocr_line' id='line_1_28' title="bbox 233 3540 1345 3621; baseline 0.003 -22"><span class='ocrx_word' id='word_1_248' title='bbox 233 3557 304 3618; x_wconf 87' lang='lat' dir='ltr'>quos</span> <span class='ocrx_word' id='word_1_249' title='bbox 322 3540 547 3606; x_wconf 83' lang='lat' dir='ltr'>adnotaveram</span> <span class='ocrx_word' id='word_1_250' title='bbox 567 3542 651 3605; x_wconf 90' lang='lat' dir='ltr'>locos</span> <span class='ocrx_word' id='word_1_251' title='bbox 673 3542 751 3606; x_wconf 88' lang='lat' dir='ltr'>satis</span> <span class='ocrx_word' id='word_1_252' title='bbox 772 3541 901 3618; x_wconf 87' lang='lat' dir='ltr'>multos,</span> <span class='ocrx_word' id='word_1_253' title='bbox 929 3562 1012 3604; x_wconf 90' lang='lat' dir='ltr'>nunc</span> <span class='ocrx_word' id='word_1_254' title='bbox 1040 3540 1197 3603; x_wconf 86' lang='lat' dir='ltr'>incassum</span> <span class='ocrx_word' id='word_1_255' title='bbox 1219 3560 1345 3621; x_wconf 89' lang='lat' dir='ltr'>quaero.</span> 
     </span>
     <span class='ocr_line' id='line_1_29' title="bbox 234 3635 1348 3724; baseline 0.006 -25"><span class='ocrx_word' id='word_1_256' title='bbox 234 3635 298 3721; x_wconf 84' lang='lat' dir='ltr'>Pag.</span> <span class='ocrx_word' id='word_1_257' title='bbox 320 3646 357 3707; x_wconf 89' lang='grc'>46</span> <span class='ocrx_word' id='word_1_258' title='bbox 379 3642 421 3705; x_wconf 92' lang='lat' dir='ltr'>ad</span> <span class='ocrx_word' id='word_1_259' title='bbox 452 3642 557 3706; x_wconf 88' lang='lat' dir='ltr'>locum</span> <span class='ocrx_word' id='word_1_260' title='bbox 579 3641 699 3707; x_wconf 86' lang='lat' dir='ltr'>Consol.</span> <span class='ocrx_word' id='word_1_261' title='bbox 723 3641 763 3706; x_wconf 89' lang='lat' dir='ltr'>ad</span> <span class='ocrx_word' id='word_1_262' title='bbox 796 3640 897 3724; x_wconf 84' lang='lat' dir='ltr'>Apoll.</span> <span class='ocrx_word' id='word_1_263' title='bbox 928 3663 957 3723; x_wconf 90' lang='lat' dir='ltr'>p.</span> <span class='ocrx_word' id='word_1_264' title='bbox 984 3639 1076 3706; x_wconf 84' lang='lat' dir='ltr'>107f</span> <span class='ocrx_word' id='word_1_265' title='bbox 1101 3638 1181 3703; x_wconf 88' lang='lat' dir='ltr'>conf.</span> <span class='ocrx_word' id='word_1_266' title='bbox 1204 3640 1348 3706; x_wconf 76' lang='lat' dir='ltr'>Zonaras</span> 
     </span>
     <span class='ocr_line' id='line_1_30' title="bbox 233 3742 1349 3830; baseline 0.004 -24"><span class='ocrx_word' id='word_1_267' title='bbox 233 3742 332 3808; x_wconf 74' lang='lat' dir='ltr'>hund.</span> <span class='ocrx_word' id='word_1_268' title='bbox 347 3745 408 3825; x_wconf 91' lang='grc' dir='ltr'>ΙΙΙ,</span> <span class='ocrx_word' id='word_1_269' title='bbox 435 3752 473 3814; x_wconf 94' lang='grc'>13</span> <span class='ocrx_word' id='word_1_270' title='bbox 488 3768 518 3830; x_wconf 86' lang='lat' dir='ltr'>p.</span> <span class='ocrx_word' id='word_1_271' title='bbox 535 3753 610 3826; x_wconf 85' lang='grc'>252,</span> <span class='ocrx_word' id='word_1_272' title='bbox 631 3752 651 3813; x_wconf 88' lang='grc'><strong>6</strong></span> <span class='ocrx_word' id='word_1_273' title='bbox 674 3748 708 3811; x_wconf 91' lang='lat' dir='ltr'>in</span> <span class='ocrx_word' id='word_1_274' title='bbox 726 3745 879 3811; x_wconf 90' lang='lat' dir='ltr'>eiusmodi</span> <span class='ocrx_word' id='word_1_275' title='bbox 894 3744 1106 3812; x_wconf 90' lang='lat' dir='ltr'>locutionibus</span> <span class='ocrx_word' id='word_1_276' title='bbox 1120 3744 1206 3809; x_wconf 86' lang='lat' dir='ltr'>ultra</span> <span class='ocrx_word' id='word_1_277' title='bbox 1220 3744 1349 3811; x_wconf 90' lang='lat' dir='ltr'>modum</span> 
     </span>
     <span class='ocr_line' id='line_1_31' title="bbox 233 3844 1350 3932; baseline 0 -21"><span class='ocrx_word' id='word_1_278' title='bbox 233 3847 422 3930; x_wconf 84' lang='lat' dir='ltr'>luxuriantis,</span> <span class='ocrx_word' id='word_1_279' title='bbox 447 3852 486 3918; x_wconf 89' lang='lat' dir='ltr'>de</span> <span class='ocrx_word' id='word_1_280' title='bbox 507 3852 678 3919; x_wconf 79' lang='lat' dir='ltr'>Holoferne</span> <span class='ocrx_word' id='word_1_281' title='bbox 692 3853 766 3917; x_wconf 81' lang='lat' dir='ltr'>rino</span> <span class='ocrx_word' id='word_1_282' title='bbox 782 3850 959 3932; x_wconf 87' lang='lat' dir='ltr'>consopito:</span> <span class='ocrx_word' id='word_1_283' title='bbox 983 3847 1154 3913; x_wconf 81' lang='grc' dir='ltr'><strong><em>κατέκειτο</em></strong></span> <span class='ocrx_word' id='word_1_284' title='bbox 1173 3847 1230 3914; x_wconf 90' lang='grc' dir='ltr'>καὶ</span> <span class='ocrx_word' id='word_1_285' title='bbox 1245 3844 1350 3914; x_wconf 68' lang='lat' dir='ltr'>{invoa</span> 
     </span>
     <span class='ocr_line' id='line_1_32' title="bbox 235 3946 1345 4039; baseline 0 -27"><span class='ocrx_word' id='word_1_286' title='bbox 235 3946 372 4018; x_wconf 73' lang='grc' dir='ltr'><strong><em>θανάτον</em></strong></span> <span class='ocrx_word' id='word_1_287' title='bbox 392 3950 564 4019; x_wconf 79' lang='grc' dir='ltr'><strong><em>όντνωττεν</em></strong></span> <span class='ocrx_word' id='word_1_288' title='bbox 587 3949 745 4039; x_wconf 81' lang='grc' dir='ltr'><strong><em>ἀδελφόν.</em></strong></span> <span class='ocrx_word' id='word_1_289' title='bbox 798 3952 880 4037; x_wconf 61' lang='grc' dir='ltr'>Ριιρ.Ι</span> <span class='ocrx_word' id='word_1_290' title='bbox 896 3957 937 4017; x_wconf 96' lang='grc'>47</span> <span class='ocrx_word' id='word_1_291' title='bbox 959 3948 1122 4033; x_wconf 90' lang='lat' dir='ltr'>perdicem</span> <span class='ocrx_word' id='word_1_292' title='bbox 1141 3950 1278 4015; x_wconf 90' lang='lat' dir='ltr'>cicurem</span> <span class='ocrx_word' id='word_1_293' title='bbox 1300 3948 1345 4012; x_wconf 93' lang='lat' dir='ltr'>di-</span> 
     </span>
     <span class='ocr_line' id='line_1_33' title="bbox 235 4051 1346 4138; baseline -0.004 -22"><span class='ocrx_word' id='word_1_294' title='bbox 235 4052 335 4121; x_wconf 86' lang='lat' dir='ltr'>stincte</span> <span class='ocrx_word' id='word_1_295' title='bbox 366 4058 625 4124; x_wconf 83' lang='lat' dir='ltr'>commemoravit</span> <span class='ocrx_word' id='word_1_296' title='bbox 653 4056 799 4122; x_wconf 87' lang='lat' dir='ltr'>Parthen.</span> <span class='ocrx_word' id='word_1_297' title='bbox 833 4061 870 4121; x_wconf 95' lang='grc'>14</span> <span class='ocrx_word' id='word_1_298' title='bbox 899 4075 930 4138; x_wconf 79' lang='grc' dir='ltr'>Ρ.</span> <span class='ocrx_word' id='word_1_299' title='bbox 962 4058 1038 4131; x_wconf 87' lang='grc'>317,</span> <span class='ocrx_word' id='word_1_300' title='bbox 1071 4059 1109 4120; x_wconf 81' lang='grc'>19</span> <span class='ocrx_word' id='word_1_301' title='bbox 1129 4052 1171 4117; x_wconf 90' lang='grc' dir='ltr'>Μ.</span> <span class='ocrx_word' id='word_1_302' title='bbox 1205 4051 1346 4136; x_wconf 78' lang='grc' dir='ltr'><strong><em>πέρδικα</em></strong></span> 
     </span>
     <span class='ocr_line' id='line_1_34' title="bbox 235 4153 1343 4251; baseline -0.005 -31"><span class='ocrx_word' id='word_1_303' title='bbox 235 4160 362 4225; x_wconf 70' lang='grc' dir='ltr'><strong><em>τιθασόν</em></strong></span> <span class='ocrx_word' id='word_1_304' title='bbox 385 4160 434 4241; x_wconf 79' lang='grc' dir='ltr'>εἷς</span> <span class='ocrx_word' id='word_1_305' title='bbox 457 4160 551 4245; x_wconf 66' lang='lat' dir='ltr'>aaut</span> <span class='ocrx_word' id='word_1_306' title='bbox 573 4164 683 4251; x_wconf 78' lang='grc' dir='ltr'><strong><em>φρέαρ</em></strong></span> <span class='ocrx_word' id='word_1_307' title='bbox 707 4156 989 4245; x_wconf 68' lang='grc' dir='ltr'><strong><em>κατασολλήσασα,</em></strong></span> <span class='ocrx_word' id='word_1_308' title='bbox 1020 4158 1163 4243; x_wconf 87' lang='lat' dir='ltr'>quamvis</span> <span class='ocrx_word' id='word_1_309' title='bbox 1195 4153 1343 4239; x_wconf 89' lang='lat' dir='ltr'>quodam-</span> 
     </span>
     <span class='ocr_line' id='line_1_35' title="bbox 237 4253 1346 4332; baseline -0.003 -9"><span class='ocrx_word' id='word_1_310' title='bbox 237 4260 318 4327; x_wconf 90' lang='lat' dir='ltr'>modo</span> <span class='ocrx_word' id='word_1_311' title='bbox 344 4271 457 4331; x_wconf 86' lang='lat' dir='ltr'>contra</span> <span class='ocrx_word' id='word_1_312' title='bbox 486 4265 592 4332; x_wconf 91' lang='lat' dir='ltr'>dicere</span> <span class='ocrx_word' id='word_1_313' title='bbox 622 4264 767 4331; x_wconf 84' lang='lat' dir='ltr'>videatur</span> <span class='ocrx_word' id='word_1_314' title='bbox 798 4262 1016 4328; x_wconf 84' lang='lat' dir='ltr'>Artemidorus</span> <span class='ocrx_word' id='word_1_315' title='bbox 1043 4257 1208 4326; x_wconf 88' lang='lat' dir='ltr'>Ouirocrit.</span> <span class='ocrx_word' id='word_1_316' title='bbox 1230 4253 1276 4331; x_wconf 93' lang='grc' dir='ltr'>ΙΙ,</span> <span class='ocrx_word' id='word_1_317' title='bbox 1306 4259 1346 4320; x_wconf 92' lang='grc'>46</span> 
     </span>
     <span class='ocr_line' id='line_1_36' title="bbox 237 4356 1348 4455; baseline -0.005 -27"><span class='ocrx_word' id='word_1_318' title='bbox 237 4363 411 4455; x_wconf 77' lang='grc' dir='ltr'><strong><em>(πέρδικες)</em></strong></span> <span class='ocrx_word' id='word_1_319' title='bbox 435 4364 696 4436; x_wconf 70' lang='grc' dir='ltr'><strong><em>όυστιόόσευτοί</em></strong></span> <span class='ocrx_word' id='word_1_320' title='bbox 725 4365 790 4434; x_wconf 84' lang='grc' dir='ltr'><strong><em>εἰσι</em></strong></span> <span class='ocrx_word' id='word_1_321' title='bbox 820 4366 876 4434; x_wconf 86' lang='grc' dir='ltr'>καὶ</span> <span class='ocrx_word' id='word_1_322' title='bbox 905 4362 1056 4432; x_wconf 82' lang='grc' dir='ltr'><strong><em>τιοικίλοι</em></strong></span> <span class='ocrx_word' id='word_1_323' title='bbox 1078 4359 1134 4425; x_wconf 83' lang='grc' dir='ltr'>καὶ</span> <span class='ocrx_word' id='word_1_324' title='bbox 1154 4356 1253 4441; x_wconf 88' lang='grc' dir='ltr'><strong><em>μόνοι</em></strong></span> <span class='ocrx_word' id='word_1_325' title='bbox 1282 4357 1348 4423; x_wconf 82' lang='grc' dir='ltr'><strong><em>τῶν</em></strong></span> 
     </span>
     <span class='ocr_line' id='line_1_37' title="bbox 238 4460 1350 4557; baseline 0.004 -25"><span class='ocrx_word' id='word_1_326' title='bbox 238 4460 369 4555; x_wconf 83' lang='grc' dir='ltr'><strong><em>ὀρνίθων</em></strong></span> <span class='ocrx_word' id='word_1_327' title='bbox 383 4476 475 4539; x_wconf 76' lang='grc' dir='ltr'><strong><em>θεῶν</em></strong></span> <span class='ocrx_word' id='word_1_328' title='bbox 491 4474 591 4557; x_wconf 73' lang='grc' dir='ltr'><strong><em>σέβας</em></strong></span> <span class='ocrx_word' id='word_1_329' title='bbox 606 4468 665 4538; x_wconf 82' lang='grc' dir='ltr'>οὐκ</span> <span class='ocrx_word' id='word_1_330' title='bbox 681 4468 802 4553; x_wconf 49' lang='grc' dir='ltr'><strong><em>έχουσι.</em></strong></span> <span class='ocrx_word' id='word_1_331' title='bbox 840 4472 914 4555; x_wconf 87' lang='lat' dir='ltr'>Pag.</span> <span class='ocrx_word' id='word_1_332' title='bbox 934 4475 974 4537; x_wconf 84' lang='grc'>53</span> <span class='ocrx_word' id='word_1_333' title='bbox 989 4466 1084 4533; x_wconf 85' lang='lat' dir='ltr'>adde:</span> <span class='ocrx_word' id='word_1_334' title='bbox 1107 4461 1234 4527; x_wconf 84' lang='lat' dir='ltr'>Aeliani</span> <span class='ocrx_word' id='word_1_335' title='bbox 1250 4461 1350 4547; x_wconf 74' lang='grc' dir='ltr'><strong><em>κρέας</em></strong></span> 
     </span>
     <span class='ocr_line' id='line_1_38' title="bbox 242 4562 1347 4662; baseline -0.008 -23"><span class='ocrx_word' id='word_1_336' title='bbox 242 4562 353 4659; x_wconf 71' lang='lat' dir='ltr'>topper</span> <span class='ocrx_word' id='word_1_337' title='bbox 375 4577 414 4644; x_wconf 88' lang='lat' dir='ltr'>de</span> <span class='ocrx_word' id='word_1_338' title='bbox 441 4578 666 4662; x_wconf 87' lang='lat' dir='ltr'>phantasmate</span> <span class='ocrx_word' id='word_1_339' title='bbox 695 4576 800 4643; x_wconf 87' lang='lat' dir='ltr'>dicere</span> <span class='ocrx_word' id='word_1_340' title='bbox 825 4576 886 4642; x_wconf 91' lang='lat' dir='ltr'>sibi</span> <span class='ocrx_word' id='word_1_341' title='bbox 915 4571 1059 4657; x_wconf 86' lang='lat' dir='ltr'>permisit</span> <span class='ocrx_word' id='word_1_342' title='bbox 1079 4568 1209 4649; x_wconf 91' lang='lat' dir='ltr'>Procop.</span> <span class='ocrx_word' id='word_1_343' title='bbox 1231 4566 1262 4633; x_wconf 92' lang='lat' dir='ltr'>h.</span> <span class='ocrx_word' id='word_1_344' title='bbox 1284 4586 1347 4629; x_wconf 89' lang='lat' dir='ltr'>arc.</span> 
     </span>
    </p>
   </div>
   <div class='ocr_carea' id='block_1_5' title="bbox 243 4661 1349 4876">
    <p class='ocr_par' dir='ltr' id='par_1_5' title="bbox 243 4661 1349 4876">
     <span class='ocr_line' id='line_1_39' title="bbox 243 4661 1349 4769; baseline -0.022 -12"><span class='ocrx_word' id='word_1_345' title='bbox 243 4696 271 4757; x_wconf 81' lang='lat' dir='ltr'>P·</span> <span class='ocrx_word' id='word_1_346' title='bbox 283 4684 325 4759; x_wconf 76' lang='lat'>81,</span> <span class='ocrx_word' id='word_1_347' title='bbox 337 4690 368 4764; x_wconf 79' lang='lat'>33</span> <span class='ocrx_word' id='word_1_348' title='bbox 388 4685 428 4751; x_wconf 88' lang='lat' dir='ltr'>de</span> <span class='ocrx_word' id='word_1_349' title='bbox 445 4692 541 4769; x_wconf 88' lang='lat' dir='ltr'>partu</span> <span class='ocrx_word' id='word_1_350' title='bbox 558 4691 769 4762; x_wconf 82' lang='lat' dir='ltr'>monstruoso,</span> <span class='ocrx_word' id='word_1_351' title='bbox 789 4682 875 4749; x_wconf 92' lang='lat' dir='ltr'>haud</span> <span class='ocrx_word' id='word_1_352' title='bbox 891 4701 979 4746; x_wconf 89' lang='lat' dir='ltr'>secus</span> <span class='ocrx_word' id='word_1_353' title='bbox 994 4683 1091 4760; x_wconf 88' lang='lat' dir='ltr'>atque</span> <span class='ocrx_word' id='word_1_354' title='bbox 1102 4676 1252 4740; x_wconf 82' lang='lat' dir='ltr'>Aelianus</span> <span class='ocrx_word' id='word_1_355' title='bbox 1269 4661 1349 4734; x_wconf 86' lang='grc' dir='ltr'><strong><em>ἀτό-</em></strong></span> 
     </span>
     <span class='ocr_line' id='line_1_40' title="bbox 243 4766 1347 4876; baseline -0.03 -10"><span class='ocrx_word' id='word_1_356' title='bbox 243 4804 353 4867; x_wconf 64' lang='grc'>7111704,</span> <span class='ocrx_word' id='word_1_357' title='bbox 374 4788 630 4876; x_wconf 80' lang='lat' dir='ltr'>&#39;theophylactus</span> <span class='ocrx_word' id='word_1_358' title='bbox 646 4789 718 4855; x_wconf 91' lang='lat' dir='ltr'>hist.</span> <span class='ocrx_word' id='word_1_359' title='bbox 732 4787 793 4867; x_wconf 81' lang='lat' dir='ltr'>vl,</span> <span class='ocrx_word' id='word_1_360' title='bbox 814 4794 826 4853; x_wconf 94' lang='grc'>1</span> <span class='ocrx_word' id='word_1_361' title='bbox 845 4806 875 4869; x_wconf 87' lang='lat' dir='ltr'>p.</span> <span class='ocrx_word' id='word_1_362' title='bbox 884 4789 955 4863; x_wconf 88' lang='grc'>241,</span> <span class='ocrx_word' id='word_1_363' title='bbox 971 4786 1012 4847; x_wconf 87' lang='grc'>22</span> <span class='ocrx_word' id='word_1_364' title='bbox 1028 4776 1192 4862; x_wconf 83' lang='lat' dir='ltr'>usurpavit</span> <span class='ocrx_word' id='word_1_365' title='bbox 1209 4766 1347 4837; x_wconf 82' lang='grc' dir='ltr'><strong><em>ἀδιανό-</em></strong></span> 
     </span>
    </p>
   </div>
   <div class='ocr_carea' id='block_1_6' title="bbox 0 0 1854 5625">
    <p class='ocr_par' dir='ltr' id='par_1_6' title="bbox 0 0 1854 5625">
     <span class='ocr_line' id='line_1_41' title="bbox 0 0 1854 5625; baseline 0 0"><span class='ocrx_word' id='word_1_366' title='bbox 0 0 1854 5625; x_wconf 95' lang='lat' dir='ltr'> </span> 
     </span>
    </p>
   </div>
  </div>
 </body>
</html>
