3700 5625
657 609 927 677 ,213ss

266 768 399 851 quidem
420 775 653 836 monstruosum
680 793 784 837 sunm:
820 793 965 851 „comme
987 795 1028 840 en
1055 773 1144 839 lion“
1175 773 1395 853 invidebimus,

266 895 330 940 nec
349 876 443 942 credo
458 899 649 961 quemquam
665 878 793 944 Faehsii
808 877 847 946 de
866 878 928 943 hoc
944 879 1014 945 looo
1029 881 1301 962 patrocinaturmn
1319 901 1392 946 con·

265 979 415 1060 iecturis,
445 1003 542 1066 quae,
564 989 600 1047 ut
620 981 724 1048 dicam
744 981 830 1067 quod
851 985 969 1062 sentio,
996 984 1210 1051 febricitantis
1230 1007 1325 1068 saepe
1345 987 1391 1052 vi·

266 1083 385 1152 dentur
406 1087 571 1152 insomnia.
614 1087 719 1171 Atque
741 1086 821 1152 illud
842 1086 972 1171 quidem
998 1109 1058 1170 per
1078 1111 1112 1155 se
1133 1111 1176 1154 ne
1196 1111 1218 1154 a
1237 1089 1392 1173 mytholo-

267 1188 341 1270 giae
373 1186 501 1271 quidem
532 1190 656 1255 ratione
689 1189 853 1268 abhorret,
892 1189 977 1273 quod
1006 1192 1100 1257 nnius
1131 1191 1241 1257 Musae
1273 1213 1396 1269 nomen,

266 1283 435 1368 Polymnia
455 1287 474 1350 i.
502 1308 528 1352 e.
552 1285 661 1374 πολλὴ
681 1295 779 1372 μνεῖα
802 1289 975 1356 secundum
994 1289 1158 1355 Plutarchi
1178 1291 1395 1374 veriloquium

266 1389 312 1454 ad
334 1411 442 1457 omnes
463 1391 632 1458 transfeni
653 1392 825 1478 aliquando
847 1395 976 1460 solitum
996 1395 1094 1461 fuisse
1124 1395 1282 1474 docemur,
1314 1416 1395 1472 cum,

265 1495 306 1554 ut
325 1492 487 1558 verissime
508 1493 632 1558 monuit
652 1493 851 1560 Godofredus
871 1495 1074 1562 Hermannus
1088 1496 1145 1579 (de
1166 1498 1266 1563 Musis
1283 1496 1392 1566 flora-

264 1587 352 1655 libus
380 1590 565 1672 Epicharmi
590 1598 623 1659 et
643 1593 768 1660 Eumeli
789 1594 902 1678 Opusc.
927 1595 1125 1683 11p.soo),
1154 1619 1236 1682 qnae
1264 1599 1395 1684 origine,

265 1696 467 1775 muneribus,
489 1697 602 1763 officiis
624 1705 758 1784 cognata
777 1705 862 1779 suut,
884 1721 944 1782 per
961 1722 996 1765 se
1017 1701 1100 1766 nihil
1119 1708 1227 1768 vetare
1248 1703 1394 1770 videatur

266 1799 439 1880 quominus
461 1801 604 1884 cognatis
626 1801 806 1866 nominibus
828 1801 1039 1884 adpellentur.
1088 1803 1153 1881 Ita,
1174 1808 1212 1868 ut
1232 1804 1293 1870 hoc
1312 1809 1394 1882 utar,

267 1899 390 1966 Parcae
412 1901 543 1967 Glothus
565 1904 682 1969 sororis
702 1904 789 1969 haud
810 1904 905 1972 dubie
925 1906 961 1970 in
978 1912 1078 1973 semet
1103 1907 1287 1974 conciliasse
1306 1908 1392 1975 vide-

265 2005 386 2071 bantur
406 2012 565 2086 naturam,
598 2030 670 2073 cum
690 2008 871 2074 dicerentur
892 2010 1053 2090 Κλῶθες,
1078 2012 1157 2090 sive,
1184 2011 1270 2096 qnod
1289 2013 1391 2078 ineer-

263 2111 332 2175 tius
355 2115 414 2189 est,
438 2111 667 2191 Κατακλῶθες
687 2113 774 2197 apud
792 2114 918 2180 Homer.
942 2114 999 2180 od.
1021 2142 1041 2202 p
1060 2123 1119 2185 197
1135 2117 1204 2203 (cfr.
1219 2119 1395 2186 Buttmann

265 2217 303 2282 in
324 2217 410 2282 Misc.
443 2218 512 2284 crit
534 2219 567 2282 11
586 2239 618 2301 p.
642 2225 661 2287 3
683 2241 713 2303 p.
737 2228 798 2288 504
820 2227 854 2286 et
881 2221 1013 2288 Nitcsch
1038 2222 1080 2289 ad
1109 2223 1218 2310 Odyss.
1247 2227 1268 2291 l.
1289 2227 1323 2311 l)
1344 2228 1395 2294 vel

269 2317 442 2394 Κλωθῶες
455 2315 778 2406 ἅρπυιαι-μέλαιναι
799 2321 885 2403 apud
900 2323 1086 2389 Marcellum
1105 2325 1142 2388 in
1158 2325 1394 2394 anckhml

266 2420 302 2484 11
316 2439 348 2503 p.
358 2426 435 2498 302,
457 2421 573 2505 quibus
594 2442 768 2506 conparare
789 2425 891 2504 lubet,
912 2426 999 2510 quod
1016 2421 1178 2515 Ἀχελῷος
1198 2431 1283 2512 apud
1294 2431 1391 2498 Grae·

267 2546 322 2590 cos
349 2531 472 2592 veteres
500 2527 536 2591 in
564 2529 708 2614 augurali
738 2529 908 2611 disciplina
935 2529 976 2596 de
1003 2532 1091 2596 omni
1116 2531 1283 2600 fluviorum
1310 2555 1396 2620 aqua

266 2629 331 2695 dici
352 2631 488 2710 solebat,
507 2653 572 2715 qua
591 2632 632 2697 de
650 2653 687 2698 re
708 2633 886 2700 luculentus
908 2638 957 2700 est
976 2636 1069 2700 testis
1089 2635 1238 2719 Ephorus
1259 2657 1309 2720 ap.
1325 2637 1392 2704 Ma·

264 2736 410 2804 crobium
431 2735 497 2802 sat.
514 2737 551 2816 V,
568 2741 613 2817 18,
633 2745 653 2805 6
675 2742 736 2804 τοῦ
750 2735 914 2827 Ἀχελῴου
931 2739 990 2826 τήν
1011 2737 1101 2807 ἰδίαν
1120 2741 1314 2822 ἐπωνυμίαν
1336 2743 1394 2810 ἐπὶ

265 2837 306 2905 τὸ
325 2838 435 2906 κοινὸν
451 2840 699 2929 μεταφέροντες
720 2842 800 2907 conl
814 2843 999 2909 Hermanno
1019 2843 1039 2908 l.
1053 2844 1117 2927 lp.
1134 2851 1196 2913 304
1215 2851 1251 2911 et
1267 2846 1395 2913 lobach

264 2942 421 3028 Aglaopb.
434 2963 466 3026 p.
483 2946 553 3021 883,
575 2943 625 3009 vel
641 2943 727 3027 qnod
742 2944 853 3010 eadem
870 2936 1193 3033 licentia'ssioovpoffi
1213 2948 1394 3016 Thessaliae

264 3041 398 3121 flumen,
420 3041 460 3107 de
478 3041 622 3127 quolibet
635 3047 778 3110 torrente
792 3043 946 3121 occurrit,
967 3065 1159 3129 quamquam
1170 3046 1206 3111 in
1220 3047 1293 3126 hoc,
1308 3048 1394 3133 quod

166 3186 170 3193 „
264 3144 466 3213 referendum
486 3151 537 3212 est
558 3145 599 3211 ad
620 3142 731 3212 ναύειν
745 3176 790 3205 =
802 3146 891 3212 νάειν
915 3147 1058 3233 (Lobech
1078 3149 1190 3220 Rhem
1211 3173 1242 3236 p.
1254 3158 1334 3219 27n
1350 3160 1393 3223 46

264 3251 414 3319 Meineke
442 3250 484 3316 ad
512 3250 633 3320 Gallim
661 3271 692 3334 p.
714 3254 784 3339 49),
808 3252 940 3334 pronior
963 3258 1035 3319 erat
1060 3254 1103 3320 ad
1130 3257 1265 3323 abusum
1293 3259 1392 3344 via*).

265 3356 375 3422 Potest
398 3361 504 3422 autem
524 3356 625 3422 videri
646 3356 710 3422 ista
729 3356 893 3422 Musamm
914 3357 1130 3424 denominatio
1159 3360 1392 3444 quammaxime

265 3460 536 3544 Pythagoreorum
567 3460 671 3545 gratia
702 3456 890 3527 resuscitata
920 3482 1003 3540 esse,
1036 3462 1152 3545 quibus
1186 3468 1395 3545 praeceptum

266 3562 364 3629 fuisse
383 3566 507 3627 constat
527 3560 585 3647 τὴν
605 3558 734 3649 μνήμην
751 3557 865 3630 α’σκεῖν
886 3584 909 3629 S.
928 3566 1115 3630 memoriam
1133 3564 1238 3633 colere
1252 3567 1394 3654 (laboth

264 3660 422 3747 Aglaophss
436 3681 466 3743 p.
479 3660 616 3747 732sq.),
637 3667 753 3727 utnon
766 3662 916 3727 inmerito
935 3665 1073 3726 Μνιιιῦν
1090 3662 1254 3731 Musarum
1269 3687 1393 3737 nomen

264 3766 498 3850 antiquioribus
512 3766 670 3851 ignotum,
689 3788 710 3833 a
725 3765 945 3851 Pythagoricis
958 3763 1085 3831 demum
1099 3767 1260 3836 invectum
1274 3777 1309 3838 et
1321 3794 1388 3857 my·

264 3872 426 3957 thologiae
447 3871 538 3955 quasi
558 3871 714 3937 insertum
736 3869 917 3953 suspiceris,
946 3873 983 3934 ut
1002 3868 1090 3951 ipsae
1111 3875 1264 3957 tanquam
1280 3874 1391 3941 Musae

264 3978 340 4043 huic
354 3976 517 4042 doctrinae
532 3975 718 4042 riderentur
733 3975 922 4059 praelusisse
929 3974 988 4061 **).
1024 3974 1071 4041 Ac
1089 3978 1195 4044 nescio
1216 4000 1259 4045 an
1279 3978 1391 4045 eadem

334 4190 360 4259 ¹¹¹)
383 4194 440 4246 Hoc
459 4193 603 4247 schematis
628 4210 712 4261 genus
735 4195 775 4261 (ἐκ
792 4199 896 4267 μέρους
917 4193 948 4249 τὸ
966 4200 1026 4250 πᾶν
1043 4198 1088 4249 vel
1105 4190 1179 4256 εἶδος
1201 4198 1263 4250 ἀντὶ
1280 4200 1389 4265 γένους)

266 4282 388 4335 adcurate
405 4289 433 4335 ut
452 4282 520 4335 solet
541 4284 660 4335 doctrina
678 4286 794 4337 luctavit
811 4284 921 4338 Lobeck
937 4284 1031 4339 Rham.
1051 4301 1078 4351 p.
1098 4283 1149 4335 334
1166 4299 1206 4349 sq.
1400 4331 1402 4334 .

333 4368 377 4434 **)
399 4366 495 4424 Πάντα
517 4369 563 4425 ded
588 4368 704 4442 μνήμην
725 4369 885 4435 διασώζεται
911 4368 1105 4445 ἀνθρώποισιν
1130 4370 1209 4438 arpa
1231 4374 1388 4443 Apospasna

263 4458 588 4525 111111,18ρ.48111.,
609 4462 832 4527 quemadmodum
851 4462 948 4515 Herod.
961 4463 995 4526 11,
1015 4463 1046 4511 11
1065 4462 1210 4529 Aegyptios
1230 4465 1389 4529 praedicavit

264 4549 359 4613 quippe
388 4541 504 4619 μνήμην
528 4542 688 4618 ἀνθρώπων
711 4544 825 4602 πάντων
849 4549 1034 4603 ἔπασκέοντας
1062 4540 1197 4613 μάλιστα,
1230 4561 1389 4614 quamquam

265 4652 317 4687 non
340 4640 446 4690 nescius
468 4652 527 4690 sum
546 4637 612 4691 haec
637 4640 671 4692 ab
695 4638 753 4691 aliis
777 4638 850 4691 aliter
872 4636 1002 4701 explicari.
1049 4632 1102 4687 Gir.
1125 4636 1235 4691 Lobeck
1259 4635 1387 4700 Aglaopb.

265 4738 291 4792 p.
310 4726 358 4778 131
377 4741 417 4793 sq.
