<?xml version="1.0" encoding="UTF-8"?>
<!DOCTYPE html PUBLIC "-//W3C//DTD XHTML 1.0 Transitional//EN"
    "http://www.w3.org/TR/xhtml1/DTD/xhtml1-transitional.dtd">
<html xmlns="http://www.w3.org/1999/xhtml" xml:lang="en" lang="en">
 <head>
  <title>
</title>
<meta http-equiv="Content-Type" content="text/html;charset=utf-8" />
  <meta name='ocr-system' content='tesseract 3.04.00' />
  <meta name='ocr-capabilities' content='ocr_page ocr_carea ocr_par ocr_line ocrx_word'/>
</head>
<body>
  <div class='ocr_page' id='page_1' title='image "./vindiciarumplut00doehgoog_0020.png"; bbox 0 0 3700 5625; ppageno 0'>
   <div class='ocr_carea' id='block_1_1' title="bbox 477 748 1627 935">
    <p class='ocr_par' dir='ltr' id='par_1_1' title="bbox 477 748 1627 935">
     <span class='ocr_line' id='line_1_1' title="bbox 479 748 1627 833; baseline -0.013 -10"><span class='ocrx_word' id='word_1_1' title='bbox 479 757 632 823; x_wconf 77' lang='lat' dir='ltr'><strong>Larentia</strong></span> <span class='ocrx_word' id='word_1_2' title='bbox 652 753 795 820; x_wconf 72' lang='lat' dir='ltr'><strong>Faustuli</strong></span> <span class='ocrx_word' id='word_1_3' title='bbox 816 773 914 818; x_wconf 88' lang='lat' dir='ltr'><strong>uxore</strong></span> <span class='ocrx_word' id='word_1_4' title='bbox 936 751 1152 818; x_wconf 73' lang='lat' dir='ltr'><strong>narrationem</strong></span> <span class='ocrx_word' id='word_1_5' title='bbox 1172 769 1237 814; x_wconf 91' lang='lat' dir='ltr'><strong>non</strong></span> <span class='ocrx_word' id='word_1_6' title='bbox 1256 770 1295 815; x_wconf 87' lang='lat' dir='ltr'><strong>eo</strong></span> <span class='ocrx_word' id='word_1_7' title='bbox 1321 748 1507 833; x_wconf 85' lang='lat' dir='ltr'><strong>adtigimus,</strong></span> <span class='ocrx_word' id='word_1_8' title='bbox 1545 765 1627 828; x_wconf 92' lang='lat' dir='ltr'><strong>quo</strong></span> 
     </span>
     <span class='ocr_line' id='line_1_2' title="bbox 477 847 1626 935; baseline -0.011 -13"><span class='ocrx_word' id='word_1_9' title='bbox 477 857 667 924; x_wconf 70' lang='lat' dir='ltr'><strong>sententiam</strong></span> <span class='ocrx_word' id='word_1_10' title='bbox 703 875 817 919; x_wconf 87' lang='lat' dir='ltr'><strong>novam</strong></span> <span class='ocrx_word' id='word_1_11' title='bbox 851 854 914 935; x_wconf 90' lang='lat' dir='ltr'><strong>ipsi</strong></span> <span class='ocrx_word' id='word_1_12' title='bbox 948 872 1209 935; x_wconf 69' lang='lat' dir='ltr'><strong>proponerem,</strong></span> <span class='ocrx_word' id='word_1_13' title='bbox 1245 848 1503 934; x_wconf 90' lang='lat' dir='ltr'><strong>quandoquidem</strong></span> <span class='ocrx_word' id='word_1_14' title='bbox 1531 847 1626 912; x_wconf 87' lang='lat' dir='ltr'><strong>novi</strong></span> 
     </span>
    </p>
   </div>
   <div class='ocr_carea' id='block_1_2' title="bbox 478 954 1623 1148">
    <p class='ocr_par' dir='ltr' id='par_1_2' title="bbox 478 954 1623 1148">
     <span class='ocr_line' id='line_1_3' title="bbox 478 954 1622 1046; baseline -0.012 -18"><span class='ocrx_word' id='word_1_15' title='bbox 478 963 531 1028; x_wconf 84' lang='lat' dir='ltr'><strong>vix</strong></span> <span class='ocrx_word' id='word_1_16' title='bbox 557 963 726 1046; x_wconf 91' lang='lat' dir='ltr'><strong>quicquam</strong></span> <span class='ocrx_word' id='word_1_17' title='bbox 753 960 788 1024; x_wconf 92' lang='lat' dir='ltr'><strong>in</strong></span> <span class='ocrx_word' id='word_1_18' title='bbox 816 959 867 1023; x_wconf 89' lang='lat' dir='ltr'><strong>his</strong></span> <span class='ocrx_word' id='word_1_19' title='bbox 895 957 1011 1023; x_wconf 88' lang='lat' dir='ltr'><strong>fabulis</strong></span> <span class='ocrx_word' id='word_1_20' title='bbox 1040 956 1080 1022; x_wconf 89' lang='lat' dir='ltr'><strong>de</strong></span> <span class='ocrx_word' id='word_1_21' title='bbox 1108 955 1285 1040; x_wconf 80' lang='lat' dir='ltr'><strong>originibus</strong></span> <span class='ocrx_word' id='word_1_22' title='bbox 1311 954 1529 1020; x_wconf 89' lang='lat' dir='ltr'><strong>Romanorum</strong></span> <span class='ocrx_word' id='word_1_23' title='bbox 1554 973 1622 1016; x_wconf 86' lang='lat' dir='ltr'><strong>ex-</strong></span> 
     </span>
     <span class='ocr_line' id='line_1_4' title="bbox 479 1056 1623 1148; baseline -0.009 -19"><span class='ocrx_word' id='word_1_24' title='bbox 479 1064 612 1148; x_wconf 86' lang='lat' dir='ltr'><strong>cogitari</strong></span> <span class='ocrx_word' id='word_1_25' title='bbox 633 1083 724 1145; x_wconf 86' lang='lat' dir='ltr'><strong>posse</strong></span> <span class='ocrx_word' id='word_1_26' title='bbox 745 1061 878 1127; x_wconf 71' lang='lat' dir='ltr'><strong>videbar.</strong></span> <span class='ocrx_word' id='word_1_27' title='bbox 921 1059 1005 1126; x_wconf 87' lang='lat' dir='ltr'><strong>Nam</strong></span> <span class='ocrx_word' id='word_1_28' title='bbox 1024 1060 1167 1143; x_wconf 85' lang='lat' dir='ltr'><strong>quamvis</strong></span> <span class='ocrx_word' id='word_1_29' title='bbox 1188 1060 1229 1125; x_wconf 90' lang='lat' dir='ltr'><strong>ab</strong></span> <span class='ocrx_word' id='word_1_30' title='bbox 1253 1058 1393 1142; x_wconf 79' lang='lat' dir='ltr'><strong>antiquis</strong></span> <span class='ocrx_word' id='word_1_31' title='bbox 1417 1056 1623 1123; x_wconf 83' lang='lat' dir='ltr'><strong>acrioribus-</strong></span> 
     </span>
    </p>
   </div>
   <div class='ocr_carea' id='block_1_3' title="bbox 343 1159 1624 1252">
    <p class='ocr_par' dir='ltr' id='par_1_3' title="bbox 343 1159 1624 1252">
     <span class='ocr_line' id='line_1_5' title="bbox 343 1159 1624 1252; baseline -0.01 -17"><span class='ocrx_word' id='word_1_32' title='bbox 343 1159 348 1166; x_wconf 72' lang='grc'><strong>’</strong></span> <span class='ocrx_word' id='word_1_33' title='bbox 479 1190 540 1252; x_wconf 90' lang='lat' dir='ltr'><strong>que</strong></span> <span class='ocrx_word' id='word_1_34' title='bbox 568 1167 734 1252; x_wconf 84' lang='lat' dir='ltr'><strong>Originum</strong></span> <span class='ocrx_word' id='word_1_35' title='bbox 763 1164 1015 1246; x_wconf 88' lang='lat' dir='ltr'><strong>conpositoribus</strong></span> <span class='ocrx_word' id='word_1_36' title='bbox 1046 1163 1229 1244; x_wconf 88' lang='lat' dir='ltr'><strong>saepissimo</strong></span> <span class='ocrx_word' id='word_1_37' title='bbox 1258 1162 1397 1243; x_wconf 85' lang='lat' dir='ltr'><strong>repetita</strong></span> <span class='ocrx_word' id='word_1_38' title='bbox 1427 1165 1461 1226; x_wconf 90' lang='lat' dir='ltr'><strong>et</strong></span> <span class='ocrx_word' id='word_1_39' title='bbox 1487 1178 1624 1242; x_wconf 85' lang='lat' dir='ltr'><strong>magno</strong></span> 
     </span>
    </p>
   </div>
   <div class='ocr_carea' id='block_1_4' title="bbox 478 1263 1622 1866">
    <p class='ocr_par' dir='ltr' id='par_1_4' title="bbox 478 1263 1622 1866">
     <span class='ocr_line' id='line_1_6' title="bbox 478 1263 1620 1352; baseline -0.01 -16"><span class='ocrx_word' id='word_1_40' title='bbox 478 1293 550 1336; x_wconf 88' lang='lat' dir='ltr'><strong>oum</strong></span> <span class='ocrx_word' id='word_1_41' title='bbox 570 1271 676 1335; x_wconf 88' lang='lat' dir='ltr'><strong>studio</strong></span> <span class='ocrx_word' id='word_1_42' title='bbox 697 1289 876 1352; x_wconf 89' lang='lat' dir='ltr'><strong>magnaque</strong></span> <span class='ocrx_word' id='word_1_43' title='bbox 897 1267 1050 1333; x_wconf 90' lang='lat' dir='ltr'><strong>orationis</strong></span> <span class='ocrx_word' id='word_1_44' title='bbox 1065 1266 1232 1343; x_wconf 70' lang='lat' dir='ltr'><strong>rmetate,</strong></span> <span class='ocrx_word' id='word_1_45' title='bbox 1252 1270 1291 1329; x_wconf 91' lang='lat' dir='ltr'><strong>ut</strong></span> <span class='ocrx_word' id='word_1_46' title='bbox 1310 1264 1347 1330; x_wconf 90' lang='lat' dir='ltr'><strong>fit</strong></span> <span class='ocrx_word' id='word_1_47' title='bbox 1360 1265 1396 1329; x_wconf 93' lang='lat' dir='ltr'><strong>in</strong></span> <span class='ocrx_word' id='word_1_48' title='bbox 1409 1263 1505 1330; x_wconf 91' lang='lat' dir='ltr'><strong>rebus</strong></span> <span class='ocrx_word' id='word_1_49' title='bbox 1519 1283 1620 1326; x_wconf 88' lang='lat' dir='ltr'><strong>com·</strong></span> 
     </span>
     <span class='ocr_line' id='line_1_7' title="bbox 478 1367 1622 1455; baseline -0.009 -15"><span class='ocrx_word' id='word_1_50' title='bbox 478 1376 652 1452; x_wconf 89' lang='lat' dir='ltr'><strong>mentioiis,</strong></span> <span class='ocrx_word' id='word_1_51' title='bbox 684 1375 726 1439; x_wconf 90' lang='lat' dir='ltr'><strong>sit</strong></span> <span class='ocrx_word' id='word_1_52' title='bbox 754 1373 907 1455; x_wconf 87' lang='lat' dir='ltr'><strong>exposita,</strong></span> <span class='ocrx_word' id='word_1_53' title='bbox 940 1392 1095 1436; x_wconf 91' lang='lat' dir='ltr'><strong>summam</strong></span> <span class='ocrx_word' id='word_1_54' title='bbox 1114 1375 1221 1436; x_wconf 88' lang='lat' dir='ltr'><strong>tamen</strong></span> <span class='ocrx_word' id='word_1_55' title='bbox 1251 1391 1359 1436; x_wconf 78' lang='lat' dir='ltr'><strong>renim</strong></span> <span class='ocrx_word' id='word_1_56' title='bbox 1388 1368 1429 1435; x_wconf 92' lang='lat' dir='ltr'><strong>ab</strong></span> <span class='ocrx_word' id='word_1_57' title='bbox 1458 1367 1622 1434; x_wconf 89' lang='lat' dir='ltr'><strong>omnibus</strong></span> 
     </span>
     <span class='ocr_line' id='line_1_8' title="bbox 478 1477 1620 1560; baseline -0.006 -16"><span class='ocrx_word' id='word_1_58' title='bbox 478 1485 638 1546; x_wconf 86' lang='lat' dir='ltr'><strong>servatam</strong></span> <span class='ocrx_word' id='word_1_59' title='bbox 653 1479 774 1544; x_wconf 83' lang='lat' dir='ltr'><strong>videbis</strong></span> <span class='ocrx_word' id='word_1_60' title='bbox 791 1478 917 1560; x_wconf 91' lang='lat' dir='ltr'><strong>plenam</strong></span> <span class='ocrx_word' id='word_1_61' title='bbox 934 1481 1029 1560; x_wconf 91' lang='lat' dir='ltr'><strong>atque</strong></span> <span class='ocrx_word' id='word_1_62' title='bbox 1047 1477 1283 1552; x_wconf 89' lang='lat' dir='ltr'><strong>intemeratam,</strong></span> <span class='ocrx_word' id='word_1_63' title='bbox 1302 1495 1494 1558; x_wconf 93' lang='lat' dir='ltr'><strong>quamquam</strong></span> <span class='ocrx_word' id='word_1_64' title='bbox 1513 1477 1620 1537; x_wconf 87' lang='lat' dir='ltr'><strong>tanto</strong></span> 
     </span>
     <span class='ocr_line' id='line_1_9' title="bbox 481 1575 1619 1666; baseline -0.007 -19"><span class='ocrx_word' id='word_1_65' title='bbox 481 1581 582 1666; x_wconf 84' lang='lat' dir='ltr'><strong>magis</strong></span> <span class='ocrx_word' id='word_1_66' title='bbox 604 1603 624 1646; x_wconf 91' lang='lat' dir='ltr'><strong>a</strong></span> <span class='ocrx_word' id='word_1_67' title='bbox 644 1581 750 1664; x_wconf 88' lang='lat' dir='ltr'><strong>prisca</strong></span> <span class='ocrx_word' id='word_1_68' title='bbox 770 1579 872 1646; x_wconf 88' lang='lat' dir='ltr'><strong>forma</strong></span> <span class='ocrx_word' id='word_1_69' title='bbox 885 1576 1053 1657; x_wconf 85' lang='lat' dir='ltr'><strong>deflexam,</strong></span> <span class='ocrx_word' id='word_1_70' title='bbox 1075 1582 1193 1661; x_wconf 88' lang='lat' dir='ltr'><strong>quanto</strong></span> <span class='ocrx_word' id='word_1_71' title='bbox 1208 1575 1410 1645; x_wconf 69' lang='lat' dir='ltr'><strong>arfifioiosius</strong></span> <span class='ocrx_word' id='word_1_72' title='bbox 1427 1575 1619 1656; x_wconf 71' lang='lat' dir='ltr'><strong>scriptores,</strong></span> 
     </span>
     <span class='ocr_line' id='line_1_10' title="bbox 481 1678 1619 1769; baseline -0.004 -19"><span class='ocrx_word' id='word_1_73' title='bbox 481 1685 509 1750; x_wconf 85' lang='lat' dir='ltr'><strong>si</strong></span> <span class='ocrx_word' id='word_1_74' title='bbox 530 1685 607 1769; x_wconf 91' lang='lat' dir='ltr'><strong>quid</strong></span> <span class='ocrx_word' id='word_1_75' title='bbox 628 1684 710 1750; x_wconf 87' lang='lat' dir='ltr'><strong>forte</strong></span> <span class='ocrx_word' id='word_1_76' title='bbox 725 1705 818 1750; x_wconf 87' lang='lat' dir='ltr'><strong>verae</strong></span> <span class='ocrx_word' id='word_1_77' title='bbox 835 1683 1008 1750; x_wconf 89' lang='lat' dir='ltr'><strong>memoriae</strong></span> <span class='ocrx_word' id='word_1_78' title='bbox 1030 1682 1088 1749; x_wconf 89' lang='lat' dir='ltr'><strong>sub</strong></span> <span class='ocrx_word' id='word_1_79' title='bbox 1109 1682 1237 1749; x_wconf 83' lang='lat' dir='ltr'><strong>fabulae</strong></span> <span class='ocrx_word' id='word_1_80' title='bbox 1258 1681 1430 1746; x_wconf 88' lang='lat' dir='ltr'><strong>involucris</strong></span> <span class='ocrx_word' id='word_1_81' title='bbox 1448 1678 1619 1748; x_wconf 87' lang='lat' dir='ltr'><strong>inclusum</strong></span> 
     </span>
     <span class='ocr_line' id='line_1_11' title="bbox 482 1784 1621 1866; baseline -0.004 -14"><span class='ocrx_word' id='word_1_82' title='bbox 482 1793 563 1866; x_wconf 90' lang='lat' dir='ltr'><strong>erat,</strong></span> <span class='ocrx_word' id='word_1_83' title='bbox 586 1809 696 1853; x_wconf 91' lang='lat' dir='ltr'><strong>eruere</strong></span> <span class='ocrx_word' id='word_1_84' title='bbox 710 1785 894 1861; x_wconf 87' lang='lat' dir='ltr'><strong>studebant,</strong></span> <span class='ocrx_word' id='word_1_85' title='bbox 915 1791 953 1851; x_wconf 90' lang='lat' dir='ltr'><strong>ut</strong></span> <span class='ocrx_word' id='word_1_86' title='bbox 967 1786 1128 1852; x_wconf 86' lang='lat' dir='ltr'><strong>verissime</strong></span> <span class='ocrx_word' id='word_1_87' title='bbox 1146 1786 1182 1850; x_wconf 92' lang='lat' dir='ltr'><strong>in</strong></span> <span class='ocrx_word' id='word_1_88' title='bbox 1200 1785 1297 1851; x_wconf 90' lang='lat' dir='ltr'><strong>simili</strong></span> <span class='ocrx_word' id='word_1_89' title='bbox 1318 1805 1415 1850; x_wconf 90' lang='lat' dir='ltr'><strong>causa</strong></span> <span class='ocrx_word' id='word_1_90' title='bbox 1428 1784 1621 1852; x_wconf 78' lang='lat' dir='ltr'><strong>observavit</strong></span> 
     </span>
    </p>
   </div>
   <div class='ocr_carea' id='block_1_5' title="bbox 481 1883 1617 4649">
    <p class='ocr_par' dir='ltr' id='par_1_5' title="bbox 481 1883 1617 3927">
     <span class='ocr_line' id='line_1_12' title="bbox 482 1883 1617 1972; baseline -0.004 -18"><span class='ocrx_word' id='word_1_91' title='bbox 482 1886 718 1954; x_wconf 86' lang='lat' dir='ltr'><strong>Sch&#39;oemannus</strong></span> <span class='ocrx_word' id='word_1_92' title='bbox 730 1887 782 1971; x_wconf 91' lang='lat' dir='ltr'><strong>(de</strong></span> <span class='ocrx_word' id='word_1_93' title='bbox 793 1883 884 1952; x_wconf 84' lang='lat' dir='ltr'><strong>Tullo</strong></span> <span class='ocrx_word' id='word_1_94' title='bbox 895 1887 1032 1952; x_wconf 87' lang='lat' dir='ltr'><strong>Hostilio</strong></span> <span class='ocrx_word' id='word_1_95' title='bbox 1048 1908 1124 1972; x_wconf 85' lang='lat' dir='ltr'><strong>rege</strong></span> <span class='ocrx_word' id='word_1_96' title='bbox 1136 1887 1352 1952; x_wconf 89' lang='lat' dir='ltr'><strong>Romanorum</strong></span> <span class='ocrx_word' id='word_1_97' title='bbox 1369 1907 1400 1969; x_wconf 93' lang='lat' dir='ltr'><strong>p.</strong></span> <span class='ocrx_word' id='word_1_98' title='bbox 1411 1890 1484 1952; x_wconf 84' lang='lat'><strong>3=</strong></span> <span class='ocrx_word' id='word_1_99' title='bbox 1493 1883 1617 1966; x_wconf 86' lang='lat' dir='ltr'><strong>Opusc.</strong></span> 
     </span>
     <span class='ocr_line' id='line_1_13' title="bbox 483 1986 1616 2074; baseline -0.001 -21"><span class='ocrx_word' id='word_1_100' title='bbox 483 1988 543 2072; x_wconf 91' lang='lat' dir='ltr'><strong>Ip.</strong></span> <span class='ocrx_word' id='word_1_101' title='bbox 559 1991 619 2074; x_wconf 83' lang='lat'>18).</span> <span class='ocrx_word' id='word_1_102' title='bbox 648 1988 700 2054; x_wconf 91' lang='lat' dir='ltr'><strong>Ita</strong></span> <span class='ocrx_word' id='word_1_103' title='bbox 719 1988 899 2054; x_wconf 74' lang='lat' dir='ltr'><strong>Macrobius</strong></span> <span class='ocrx_word' id='word_1_104' title='bbox 920 1987 1045 2053; x_wconf 82' lang='lat' dir='ltr'><strong>Satura</strong></span> <span class='ocrx_word' id='word_1_105' title='bbox 1063 1987 1093 2066; x_wconf 90' lang='lat'><strong>1,</strong></span> <span class='ocrx_word' id='word_1_106' title='bbox 1109 1996 1156 2066; x_wconf 87' lang='lat'><strong>10,</strong></span> <span class='ocrx_word' id='word_1_107' title='bbox 1178 1996 1215 2054; x_wconf 86' lang='lat'><strong>11</strong></span> <span class='ocrx_word' id='word_1_108' title='bbox 1239 1987 1359 2054; x_wconf 91' lang='lat' dir='ltr'><strong>eisdem</strong></span> <span class='ocrx_word' id='word_1_109' title='bbox 1374 1988 1409 2052; x_wconf 91' lang='lat' dir='ltr'><strong>ni</strong></span> <span class='ocrx_word' id='word_1_110' title='bbox 1426 1986 1521 2052; x_wconf 80' lang='lat' dir='ltr'><strong>fallor</strong></span> <span class='ocrx_word' id='word_1_111' title='bbox 1536 2008 1616 2052; x_wconf 86' lang='lat' dir='ltr'><strong>cum</strong></span> 
     </span>
     <span class='ocr_line' id='line_1_14' title="bbox 483 2089 1615 2180; baseline -0.004 -22"><span class='ocrx_word' id='word_1_112' title='bbox 483 2091 653 2158; x_wconf 87' lang='lat' dir='ltr'><strong>Plutarcho</strong></span> <span class='ocrx_word' id='word_1_113' title='bbox 668 2112 743 2156; x_wconf 92' lang='lat' dir='ltr'><strong>usus</strong></span> <span class='ocrx_word' id='word_1_114' title='bbox 756 2091 952 2180; x_wconf 87' lang='lat' dir='ltr'><strong>auctoribus,</strong></span> <span class='ocrx_word' id='word_1_115' title='bbox 967 2112 1158 2175; x_wconf 89' lang='lat' dir='ltr'><strong>quamquam</strong></span> <span class='ocrx_word' id='word_1_116' title='bbox 1170 2092 1384 2156; x_wconf 78' lang='lat' dir='ltr'><strong>recentiorum</strong></span> <span class='ocrx_word' id='word_1_117' title='bbox 1396 2091 1495 2156; x_wconf 90' lang='lat' dir='ltr'><strong>etiam</strong></span> <span class='ocrx_word' id='word_1_118' title='bbox 1505 2089 1615 2156; x_wconf 85' lang='lat' dir='ltr'><strong>videri</strong></span> 
     </span>
     <span class='ocr_line' id='line_1_15' title="bbox 485 2195 1617 2280; baseline -0.002 -18"><span class='ocrx_word' id='word_1_119' title='bbox 485 2197 586 2280; x_wconf 90' lang='lat' dir='ltr'><strong>possit</strong></span> <span class='ocrx_word' id='word_1_120' title='bbox 609 2196 831 2262; x_wconf 86' lang='lat' dir='ltr'><strong>exornationes</strong></span> <span class='ocrx_word' id='word_1_121' title='bbox 853 2201 909 2260; x_wconf 91' lang='lat' dir='ltr'><strong>aut</strong></span> <span class='ocrx_word' id='word_1_122' title='bbox 924 2195 975 2260; x_wconf 91' lang='lat' dir='ltr'><strong>sui</strong></span> <span class='ocrx_word' id='word_1_123' title='bbox 988 2195 1109 2280; x_wconf 84' lang='lat' dir='ltr'><strong>ingenii</strong></span> <span class='ocrx_word' id='word_1_124' title='bbox 1128 2201 1312 2278; x_wconf 78' lang='lat' dir='ltr'><strong>persecutis</strong></span> <span class='ocrx_word' id='word_1_125' title='bbox 1334 2195 1475 2272; x_wconf 88' lang='lat' dir='ltr'><strong>iuventa,</strong></span> <span class='ocrx_word' id='word_1_126' title='bbox 1495 2200 1617 2260; x_wconf 88' lang='lat' dir='ltr'><strong>contra</strong></span> 
     </span>
     <span class='ocr_line' id='line_1_16' title="bbox 484 2297 1616 2384; baseline -0.002 -21"><span class='ocrx_word' id='word_1_127' title='bbox 484 2298 731 2384; x_wconf 85' lang='lat' dir='ltr'><strong>frequentiorem</strong></span> <span class='ocrx_word' id='word_1_128' title='bbox 757 2297 876 2362; x_wconf 81' lang='lat' dir='ltr'><strong>lamam</strong></span> <span class='ocrx_word' id='word_1_129' title='bbox 904 2297 1123 2364; x_wconf 87' lang='lat' dir='ltr'><strong>Larentinalia</strong></span> <span class='ocrx_word' id='word_1_130' title='bbox 1150 2297 1306 2382; x_wconf 82' lang='lat' dir='ltr'><strong>originem</strong></span> <span class='ocrx_word' id='word_1_131' title='bbox 1332 2297 1467 2364; x_wconf 87' lang='lat' dir='ltr'><strong>traxisse</strong></span> <span class='ocrx_word' id='word_1_132' title='bbox 1495 2303 1616 2362; x_wconf 88' lang='lat' dir='ltr'><strong>narrat</strong></span> 
     </span>
     <span class='ocr_line' id='line_1_17' title="bbox 481 2400 1616 2485; baseline 0.001 -20"><span class='ocrx_word' id='word_1_133' title='bbox 481 2401 523 2465; x_wconf 93' lang='lat' dir='ltr'><strong>ab</strong></span> <span class='ocrx_word' id='word_1_134' title='bbox 553 2401 656 2466; x_wconf 89' lang='lat' dir='ltr'><strong>altera</strong></span> <span class='ocrx_word' id='word_1_135' title='bbox 688 2400 849 2479; x_wconf 85' lang='lat' dir='ltr'><strong>Larentia,</strong></span> <span class='ocrx_word' id='word_1_136' title='bbox 886 2402 928 2466; x_wconf 93' lang='lat' dir='ltr'><strong>ab</strong></span> <span class='ocrx_word' id='word_1_137' title='bbox 959 2401 1097 2467; x_wconf 90' lang='lat' dir='ltr'><strong>Hercule</strong></span> <span class='ocrx_word' id='word_1_138' title='bbox 1129 2401 1290 2485; x_wconf 91' lang='lat' dir='ltr'><strong>quondam</strong></span> <span class='ocrx_word' id='word_1_139' title='bbox 1321 2421 1505 2483; x_wconf 88' lang='lat' dir='ltr'><strong>conpressa,</strong></span> <span class='ocrx_word' id='word_1_140' title='bbox 1533 2421 1616 2466; x_wconf 83' lang='lat' dir='ltr'><strong>mox</strong></span> 
     </span>
     <span class='ocr_line' id='line_1_18' title="bbox 482 2503 1613 2590; baseline 0.002 -20"><span class='ocrx_word' id='word_1_141' title='bbox 482 2503 604 2570; x_wconf 84' lang='lat' dir='ltr'><strong>Tarutii</strong></span> <span class='ocrx_word' id='word_1_142' title='bbox 626 2503 711 2570; x_wconf 85' lang='lat' dir='ltr'><strong>facta</strong></span> <span class='ocrx_word' id='word_1_143' title='bbox 731 2524 842 2582; x_wconf 87' lang='lat' dir='ltr'><strong>uxore,</strong></span> <span class='ocrx_word' id='word_1_144' title='bbox 864 2526 961 2588; x_wconf 91' lang='lat' dir='ltr'><strong>quam</strong></span> <span class='ocrx_word' id='word_1_145' title='bbox 976 2504 1110 2570; x_wconf 85' lang='lat' dir='ltr'><strong>Fauiam</strong></span> <span class='ocrx_word' id='word_1_146' title='bbox 1140 2526 1164 2570; x_wconf 88' lang='lat' dir='ltr'><strong>s.</strong></span> <span class='ocrx_word' id='word_1_147' title='bbox 1185 2505 1337 2570; x_wconf 84' lang='lat' dir='ltr'><strong>Favolam</strong></span> <span class='ocrx_word' id='word_1_148' title='bbox 1352 2505 1613 2590; x_wconf 83' lang='lat' dir='ltr'><strong>cognominatam</strong></span> 
     </span>
     <span class='ocr_line' id='line_1_19' title="bbox 483 2608 1612 2692; baseline 0.002 -18"><span class='ocrx_word' id='word_1_149' title='bbox 483 2608 578 2674; x_wconf 87' lang='lat' dir='ltr'><strong>fuisse</strong></span> <span class='ocrx_word' id='word_1_150' title='bbox 599 2613 757 2674; x_wconf 86' lang='lat' dir='ltr'><strong>testantur</strong></span> <span class='ocrx_word' id='word_1_151' title='bbox 772 2608 958 2676; x_wconf 89' lang='lat' dir='ltr'><strong>Lactantius</strong></span> <span class='ocrx_word' id='word_1_152' title='bbox 972 2609 1049 2675; x_wconf 92' lang='lat' dir='ltr'><strong>Inst.</strong></span> <span class='ocrx_word' id='word_1_153' title='bbox 1060 2609 1091 2687; x_wconf 94' lang='lat' dir='ltr'><strong>I,</strong></span> <span class='ocrx_word' id='word_1_154' title='bbox 1115 2614 1165 2687; x_wconf 84' lang='lat'><strong>20,</strong></span> <span class='ocrx_word' id='word_1_155' title='bbox 1182 2617 1201 2675; x_wconf 90' lang='lat'>5</span> <span class='ocrx_word' id='word_1_156' title='bbox 1218 2614 1252 2675; x_wconf 91' lang='lat' dir='ltr'><strong>et</strong></span> <span class='ocrx_word' id='word_1_157' title='bbox 1265 2610 1406 2692; x_wconf 87' lang='lat' dir='ltr'><strong>apertius</strong></span> <span class='ocrx_word' id='word_1_158' title='bbox 1418 2609 1612 2676; x_wconf 86' lang='lat' dir='ltr'><strong>Plutarchus</strong></span> 
     </span>
     <span class='ocr_line' id='line_1_20' title="bbox 482 2707 1611 2796; baseline 0.004 -24"><span class='ocrx_word' id='word_1_159' title='bbox 482 2708 516 2772; x_wconf 92' lang='lat' dir='ltr'><strong>in</strong></span> <span class='ocrx_word' id='word_1_160' title='bbox 538 2707 663 2786; x_wconf 82' lang='lat' dir='ltr'><strong>Quaest.</strong></span> <span class='ocrx_word' id='word_1_161' title='bbox 684 2729 761 2774; x_wconf 92' lang='lat' dir='ltr'><strong>rom.</strong></span> <span class='ocrx_word' id='word_1_162' title='bbox 785 2713 835 2778; x_wconf 84' lang='lat'><strong>35.</strong></span> <span class='ocrx_word' id='word_1_163' title='bbox 877 2707 950 2774; x_wconf 92' lang='lat' dir='ltr'><strong>Non</strong></span> <span class='ocrx_word' id='word_1_164' title='bbox 980 2709 1081 2794; x_wconf 89' lang='lat' dir='ltr'><strong>magis</strong></span> <span class='ocrx_word' id='word_1_165' title='bbox 1102 2729 1347 2776; x_wconf 90' lang='lat' dir='ltr'><strong>commemorare</strong></span> <span class='ocrx_word' id='word_1_166' title='bbox 1377 2710 1501 2776; x_wconf 89' lang='lat' dir='ltr'><strong>adtinet</strong></span> <span class='ocrx_word' id='word_1_167' title='bbox 1521 2712 1611 2796; x_wconf 87' lang='lat' dir='ltr'><strong>quod</strong></span> 
     </span>
     <span class='ocr_line' id='line_1_21' title="bbox 482 2807 1608 2895; baseline 0.001 -20"><span class='ocrx_word' id='word_1_168' title='bbox 482 2807 617 2875; x_wconf 80' lang='lat' dir='ltr'><strong>afiorum</strong></span> <span class='ocrx_word' id='word_1_169' title='bbox 636 2807 827 2895; x_wconf 84' lang='lat' dir='ltr'><strong>scriptorum</strong></span> <span class='ocrx_word' id='word_1_170' title='bbox 849 2807 949 2875; x_wconf 88' lang='lat' dir='ltr'><strong>veluti</strong></span> <span class='ocrx_word' id='word_1_171' title='bbox 970 2808 1074 2875; x_wconf 86' lang='lat' dir='ltr'><strong>licini</strong></span> <span class='ocrx_word' id='word_1_172' title='bbox 1100 2808 1202 2876; x_wconf 82' lang='lat' dir='ltr'><strong>Macri</strong></span> <span class='ocrx_word' id='word_1_173' title='bbox 1222 2809 1376 2895; x_wconf 76' lang='lat' dir='ltr'><strong>(Macrob.</strong></span> <span class='ocrx_word' id='word_1_174' title='bbox 1398 2809 1455 2876; x_wconf 82' lang='lat' dir='ltr'><strong>ll</strong></span> <span class='ocrx_word' id='word_1_175' title='bbox 1479 2815 1528 2895; x_wconf 79' lang='lat'><strong>17)</strong></span> <span class='ocrx_word' id='word_1_176' title='bbox 1551 2832 1608 2877; x_wconf 92' lang='lat' dir='ltr'><strong>ue·</strong></span> 
     </span>
     <span class='ocr_line' id='line_1_22' title="bbox 481 2908 1606 2997; baseline -0.002 -20"><span class='ocrx_word' id='word_1_177' title='bbox 481 2910 642 2997; x_wconf 85' lang='lat' dir='ltr'><strong>glegentia</strong></span> <span class='ocrx_word' id='word_1_178' title='bbox 663 2911 713 2977; x_wconf 88' lang='lat' dir='ltr'><strong>vel</strong></span> <span class='ocrx_word' id='word_1_179' title='bbox 734 2908 844 2995; x_wconf 90' lang='lat' dir='ltr'><strong>inepta</strong></span> <span class='ocrx_word' id='word_1_180' title='bbox 863 2908 1040 2994; x_wconf 85' lang='lat' dir='ltr'><strong>loquacitas</strong></span> <span class='ocrx_word' id='word_1_181' title='bbox 1062 2915 1241 2977; x_wconf 89' lang='lat' dir='ltr'><strong>commenta</strong></span> <span class='ocrx_word' id='word_1_182' title='bbox 1263 2919 1312 2975; x_wconf 91' lang='lat' dir='ltr'><strong>est</strong></span> <span class='ocrx_word' id='word_1_183' title='bbox 1332 2908 1373 2974; x_wconf 93' lang='lat' dir='ltr'><strong>de</strong></span> <span class='ocrx_word' id='word_1_184' title='bbox 1388 2910 1473 2975; x_wconf 86' lang='lat' dir='ltr'><strong>Acca</strong></span> <span class='ocrx_word' id='word_1_185' title='bbox 1487 2909 1606 2975; x_wconf 83' lang='lat' dir='ltr'><strong>laren-</strong></span> 
     </span>
     <span class='ocr_line' id='line_1_23' title="bbox 482 3010 1609 3099; baseline -0.004 -16"><span class='ocrx_word' id='word_1_186' title='bbox 482 3021 544 3093; x_wconf 85' lang='lat' dir='ltr'><strong>tia,</strong></span> <span class='ocrx_word' id='word_1_187' title='bbox 571 3014 716 3081; x_wconf 88' lang='lat' dir='ltr'><strong>Faustuli</strong></span> <span class='ocrx_word' id='word_1_188' title='bbox 745 3015 822 3081; x_wconf 91' lang='lat' dir='ltr'><strong>olim</strong></span> <span class='ocrx_word' id='word_1_189' title='bbox 850 3015 998 3099; x_wconf 85' lang='lat' dir='ltr'><strong>coniuge,</strong></span> <span class='ocrx_word' id='word_1_190' title='bbox 1027 3035 1102 3081; x_wconf 90' lang='lat' dir='ltr'><strong>mox</strong></span> <span class='ocrx_word' id='word_1_191' title='bbox 1129 3018 1283 3098; x_wconf 89' lang='lat' dir='ltr'><strong>regnante</strong></span> <span class='ocrx_word' id='word_1_192' title='bbox 1313 3012 1447 3078; x_wconf 84' lang='lat' dir='ltr'><strong>Romulo</strong></span> <span class='ocrx_word' id='word_1_193' title='bbox 1478 3010 1609 3079; x_wconf 78' lang='lat' dir='ltr'><strong>Garutio</strong></span> 
     </span>
     <span class='ocr_line' id='line_1_24' title="bbox 483 3115 1607 3200; baseline -0.003 -16"><span class='ocrx_word' id='word_1_194' title='bbox 483 3117 610 3184; x_wconf 89' lang='lat' dir='ltr'><strong>cuidam</strong></span> <span class='ocrx_word' id='word_1_195' title='bbox 630 3116 730 3184; x_wconf 89' lang='lat' dir='ltr'><strong>Tusco</strong></span> <span class='ocrx_word' id='word_1_196' title='bbox 751 3117 885 3185; x_wconf 89' lang='lat' dir='ltr'><strong>conubio</strong></span> <span class='ocrx_word' id='word_1_197' title='bbox 904 3118 1013 3182; x_wconf 87' lang='lat' dir='ltr'><strong>iuncta</strong></span> <span class='ocrx_word' id='word_1_198' title='bbox 1029 3122 1184 3200; x_wconf 88' lang='lat' dir='ltr'><strong>auctaque</strong></span> <span class='ocrx_word' id='word_1_199' title='bbox 1206 3115 1384 3181; x_wconf 85' lang='lat' dir='ltr'><strong>hereditate</strong></span> <span class='ocrx_word' id='word_1_200' title='bbox 1406 3116 1487 3195; x_wconf 90' lang='lat' dir='ltr'><strong>eius,</strong></span> <span class='ocrx_word' id='word_1_201' title='bbox 1509 3138 1607 3199; x_wconf 91' lang='lat' dir='ltr'><strong>quam</strong></span> 
     </span>
     <span class='ocr_line' id='line_1_25' title="bbox 483 3218 1607 3305; baseline 0 -19"><span class='ocrx_word' id='word_1_202' title='bbox 483 3220 616 3305; x_wconf 87' lang='lat' dir='ltr'><strong>posthac</strong></span> <span class='ocrx_word' id='word_1_203' title='bbox 645 3220 778 3285; x_wconf 87' lang='lat' dir='ltr'><strong>Romulo</strong></span> <span class='ocrx_word' id='word_1_204' title='bbox 806 3218 979 3303; x_wconf 90' lang='lat' dir='ltr'><strong>reliquerit.</strong></span> <span class='ocrx_word' id='word_1_205' title='bbox 1033 3218 1101 3285; x_wconf 90' lang='lat' dir='ltr'><strong>Nec</strong></span> <span class='ocrx_word' id='word_1_206' title='bbox 1129 3220 1264 3285; x_wconf 90' lang='lat' dir='ltr'><strong>multum</strong></span> <span class='ocrx_word' id='word_1_207' title='bbox 1294 3219 1429 3304; x_wconf 91' lang='lat' dir='ltr'><strong>denique</strong></span> <span class='ocrx_word' id='word_1_208' title='bbox 1461 3236 1607 3287; x_wconf 87' lang='lat' dir='ltr'><strong>curamus</strong></span> 
     </span>
     <span class='ocr_line' id='line_1_26' title="bbox 482 3321 1607 3411; baseline -0.001 -21"><span class='ocrx_word' id='word_1_209' title='bbox 482 3324 633 3411; x_wconf 90' lang='lat' dir='ltr'><strong>pusillum</strong></span> <span class='ocrx_word' id='word_1_210' title='bbox 667 3321 856 3401; x_wconf 74' lang='lat' dir='ltr'><strong>disseram,</strong></span> <span class='ocrx_word' id='word_1_211' title='bbox 892 3344 987 3407; x_wconf 91' lang='lat' dir='ltr'><strong>quem</strong></span> <span class='ocrx_word' id='word_1_212' title='bbox 1026 3322 1164 3389; x_wconf 79' lang='lat' dir='ltr'><strong>seuerior</strong></span> <span class='ocrx_word' id='word_1_213' title='bbox 1204 3322 1420 3406; x_wconf 84' lang='lat' dir='ltr'><strong>antiquiorum</strong></span> <span class='ocrx_word' id='word_1_214' title='bbox 1457 3323 1607 3389; x_wconf 87' lang='lat' dir='ltr'><strong>historias</strong></span> 
     </span>
     <span class='ocr_line' id='line_1_27' title="bbox 482 3416 1604 3511; baseline -0.002 -17"><span class='ocrx_word' id='word_1_215' title='bbox 482 3426 642 3495; x_wconf 85' lang='lat' dir='ltr'><strong>scribendi</strong></span> <span class='ocrx_word' id='word_1_216' title='bbox 660 3426 743 3493; x_wconf 82' lang='lat' dir='ltr'><strong>rah&#39;o</strong></span> <span class='ocrx_word' id='word_1_217' title='bbox 765 3432 799 3493; x_wconf 91' lang='lat' dir='ltr'><strong>et</strong></span> <span class='ocrx_word' id='word_1_218' title='bbox 819 3424 933 3492; x_wconf 87' lang='lat' dir='ltr'><strong>subtile</strong></span> <span class='ocrx_word' id='word_1_219' title='bbox 949 3426 984 3490; x_wconf 92' lang='lat' dir='ltr'><strong>in</strong></span> <span class='ocrx_word' id='word_1_220' title='bbox 999 3424 1189 3491; x_wconf 89' lang='lat' dir='ltr'><strong>testimoniis</strong></span> <span class='ocrx_word' id='word_1_221' title='bbox 1203 3416 1423 3493; x_wconf 80' lang='lat' dir='ltr'><strong>examinandis</strong></span> <span class='ocrx_word' id='word_1_222' title='bbox 1436 3447 1604 3511; x_wconf 90' lang='lat' dir='ltr'><strong>rerumque</strong></span> 
     </span>
     <span class='ocr_line' id='line_1_28' title="bbox 482 3527 1602 3615; baseline 0 -20"><span class='ocrx_word' id='word_1_223' title='bbox 482 3531 586 3595; x_wconf 80' lang='lat' dir='ltr'><strong>camis</strong></span> <span class='ocrx_word' id='word_1_224' title='bbox 613 3528 802 3615; x_wconf 85' lang='lat' dir='ltr'><strong>indagandis</strong></span> <span class='ocrx_word' id='word_1_225' title='bbox 828 3527 995 3607; x_wconf 88' lang='lat' dir='ltr'><strong>iudicium,</strong></span> <span class='ocrx_word' id='word_1_226' title='bbox 1025 3530 1123 3596; x_wconf 85' lang='lat' dir='ltr'><strong>veluti</strong></span> <span class='ocrx_word' id='word_1_227' title='bbox 1143 3530 1185 3595; x_wconf 89' lang='lat' dir='ltr'><strong>M.</strong></span> <span class='ocrx_word' id='word_1_228' title='bbox 1207 3529 1299 3595; x_wconf 90' lang='lat' dir='ltr'><strong>Porci</strong></span> <span class='ocrx_word' id='word_1_229' title='bbox 1326 3529 1454 3605; x_wconf 84' lang='lat' dir='ltr'><strong>Catonis</strong></span> <span class='ocrx_word' id='word_1_230' title='bbox 1479 3531 1514 3595; x_wconf 92' lang='lat' dir='ltr'><strong>in</strong></span> <span class='ocrx_word' id='word_1_231' title='bbox 1534 3529 1602 3595; x_wconf 92' lang='lat' dir='ltr'><strong>Ori·</strong></span> 
     </span>
     <span class='ocr_line' id='line_1_29' title="bbox 482 3632 1603 3719; baseline 0.006 -23"><span class='ocrx_word' id='word_1_232' title='bbox 482 3632 622 3719; x_wconf 82' lang='lat' dir='ltr'><strong>ginibus,</strong></span> <span class='ocrx_word' id='word_1_233' title='bbox 645 3635 825 3717; x_wconf 85' lang='lat' dir='ltr'><strong>amplexum</strong></span> <span class='ocrx_word' id='word_1_234' title='bbox 841 3639 901 3714; x_wconf 89' lang='lat' dir='ltr'><strong>est,</strong></span> <span class='ocrx_word' id='word_1_235' title='bbox 923 3634 1108 3701; x_wconf 90' lang='lat' dir='ltr'><strong>Larentiam</strong></span> <span class='ocrx_word' id='word_1_236' title='bbox 1122 3635 1303 3701; x_wconf 83' lang='lat' dir='ltr'><strong>meretricio</strong></span> <span class='ocrx_word' id='word_1_237' title='bbox 1320 3640 1456 3715; x_wconf 85' lang='lat' dir='ltr'><strong>quaestu</strong></span> <span class='ocrx_word' id='word_1_238' title='bbox 1473 3635 1603 3703; x_wconf 85' lang='lat' dir='ltr'><strong>mirifice</strong></span> 
     </span>
     <span class='ocr_line' id='line_1_30' title="bbox 482 3734 1604 3822; baseline 0.002 -21"><span class='ocrx_word' id='word_1_239' title='bbox 482 3734 708 3819; x_wconf 88' lang='lat' dir='ltr'><strong>locupletatam</strong></span> <span class='ocrx_word' id='word_1_240' title='bbox 728 3740 881 3822; x_wconf 90' lang='lat' dir='ltr'><strong>populum</strong></span> <span class='ocrx_word' id='word_1_241' title='bbox 903 3741 1081 3807; x_wconf 89' lang='lat' dir='ltr'><strong>Romanum</strong></span> <span class='ocrx_word' id='word_1_242' title='bbox 1104 3739 1255 3804; x_wconf 91' lang='lat' dir='ltr'><strong>heredem</strong></span> <span class='ocrx_word' id='word_1_243' title='bbox 1275 3759 1481 3820; x_wconf 87' lang='lat' dir='ltr'><strong>nuncupasse.</strong></span> <span class='ocrx_word' id='word_1_244' title='bbox 1512 3737 1604 3803; x_wconf 85' lang='lat' dir='ltr'><strong>Cuius</strong></span> 
     </span>
     <span class='ocr_line' id='line_1_31' title="bbox 483 3840 1601 3927; baseline 0.004 -22"><span class='ocrx_word' id='word_1_245' title='bbox 483 3842 531 3908; x_wconf 89' lang='lat' dir='ltr'><strong>rei</strong></span> <span class='ocrx_word' id='word_1_246' title='bbox 551 3840 740 3927; x_wconf 85' lang='lat' dir='ltr'><strong>significatio</strong></span> <span class='ocrx_word' id='word_1_247' title='bbox 760 3844 846 3910; x_wconf 90' lang='lat' dir='ltr'><strong>haud</strong></span> <span class='ocrx_word' id='word_1_248' title='bbox 866 3846 1002 3914; x_wconf 88' lang='lat' dir='ltr'><strong>multum</strong></span> <span class='ocrx_word' id='word_1_249' title='bbox 1023 3845 1129 3911; x_wconf 85' lang='lat' dir='ltr'><strong>differt</strong></span> <span class='ocrx_word' id='word_1_250' title='bbox 1145 3866 1165 3909; x_wconf 90' lang='lat' dir='ltr'><strong>a</strong></span> <span class='ocrx_word' id='word_1_251' title='bbox 1183 3843 1381 3926; x_wconf 89' lang='lat' dir='ltr'><strong>Rhodopidis</strong></span> <span class='ocrx_word' id='word_1_252' title='bbox 1396 3844 1601 3911; x_wconf 89' lang='lat' dir='ltr'><strong>celebratissi-</strong></span> 
     </span>
    </p>

    <p class='ocr_par' dir='ltr' id='par_1_6' title="bbox 482 3945 1602 4033">
     <span class='ocr_line' id='line_1_32' title="bbox 482 3945 1602 4033; baseline 0.004 -22"><span class='ocrx_word' id='word_1_253' title='bbox 482 3966 553 4011; x_wconf 87' lang='lat' dir='ltr'><strong>mae</strong></span> <span class='ocrx_word' id='word_1_254' title='bbox 571 3946 749 4013; x_wconf 89' lang='lat' dir='ltr'><strong>meretricis</strong></span> <span class='ocrx_word' id='word_1_255' title='bbox 767 3945 959 4014; x_wconf 88' lang='lat' dir='ltr'><strong>liberalitate</strong></span> <span class='ocrx_word' id='word_1_256' title='bbox 981 3970 1039 4031; x_wconf 92' lang='lat' dir='ltr'><strong>pro</strong></span> <span class='ocrx_word' id='word_1_257' title='bbox 1055 3947 1199 4033; x_wconf 89' lang='lat' dir='ltr'><strong>neglecto</strong></span> <span class='ocrx_word' id='word_1_258' title='bbox 1215 3945 1335 4028; x_wconf 90' lang='lat' dir='ltr'><strong>pudore</strong></span> <span class='ocrx_word' id='word_1_259' title='bbox 1358 3947 1505 4017; x_wconf 90' lang='lat' dir='ltr'><strong>decumas</strong></span> <span class='ocrx_word' id='word_1_260' title='bbox 1518 3970 1602 4016; x_wconf 89' lang='lat' dir='ltr'><strong>mer·</strong></span> 
     </span>
    </p>

    <p class='ocr_par' dir='ltr' id='par_1_7' title="bbox 482 4046 1603 4235">
     <span class='ocr_line' id='line_1_33' title="bbox 482 4046 1603 4131; baseline 0 -17"><span class='ocrx_word' id='word_1_261' title='bbox 482 4046 595 4114; x_wconf 80' lang='lat' dir='ltr'><strong>cadum</strong></span> <span class='ocrx_word' id='word_1_262' title='bbox 616 4046 826 4114; x_wconf 89' lang='lat' dir='ltr'><strong>multaticiam</strong></span> <span class='ocrx_word' id='word_1_263' title='bbox 837 4049 929 4131; x_wconf 86' lang='lat' dir='ltr'><strong>quasi</strong></span> <span class='ocrx_word' id='word_1_264' title='bbox 949 4068 1085 4131; x_wconf 90' lang='lat' dir='ltr'><strong>poenam</strong></span> <span class='ocrx_word' id='word_1_265' title='bbox 1106 4048 1141 4112; x_wconf 87' lang='lat' dir='ltr'><strong>in</strong></span> <span class='ocrx_word' id='word_1_266' title='bbox 1159 4048 1388 4114; x_wconf 81' lang='lat' dir='ltr'><strong>Acanthiorum</strong></span> <span class='ocrx_word' id='word_1_267' title='bbox 1408 4055 1442 4114; x_wconf 89' lang='lat' dir='ltr'><strong>et</strong></span> <span class='ocrx_word' id='word_1_268' title='bbox 1453 4048 1603 4115; x_wconf 90' lang='lat' dir='ltr'><strong>Brasidae</strong></span> 
     </span>
     <span class='ocr_line' id='line_1_34' title="bbox 483 4145 1601 4235; baseline 0.002 -22"><span class='ocrx_word' id='word_1_269' title='bbox 483 4148 640 4215; x_wconf 88' lang='lat' dir='ltr'><strong>thesauris</strong></span> <span class='ocrx_word' id='word_1_270' title='bbox 654 4145 853 4230; x_wconf 83' lang='lat' dir='ltr'><strong>deponentis,</strong></span> <span class='ocrx_word' id='word_1_271' title='bbox 873 4148 961 4213; x_wconf 90' lang='lat' dir='ltr'><strong>ouius</strong></span> <span class='ocrx_word' id='word_1_272' title='bbox 977 4149 1096 4215; x_wconf 90' lang='lat' dir='ltr'><strong>mentio</strong></span> <span class='ocrx_word' id='word_1_273' title='bbox 1111 4153 1200 4213; x_wconf 81' lang='lat' dir='ltr'><strong>extat</strong></span> <span class='ocrx_word' id='word_1_274' title='bbox 1213 4147 1299 4231; x_wconf 91' lang='lat' dir='ltr'><strong>apud</strong></span> <span class='ocrx_word' id='word_1_275' title='bbox 1308 4148 1425 4214; x_wconf 85' lang='lat' dir='ltr'><strong>Herod.</strong></span> <span class='ocrx_word' id='word_1_276' title='bbox 1437 4149 1478 4228; x_wconf 93' lang='lat' dir='ltr'><strong>II,</strong></span> <span class='ocrx_word' id='word_1_277' title='bbox 1493 4154 1601 4235; x_wconf 83' lang='lat' dir='ltr'><strong>134sq.</strong></span> 
     </span>
    </p>

    <p class='ocr_par' dir='ltr' id='par_1_8' title="bbox 483 4246 1602 4335">
     <span class='ocr_line' id='line_1_35' title="bbox 483 4246 1602 4335; baseline 0.004 -22"><span class='ocrx_word' id='word_1_278' title='bbox 483 4246 562 4313; x_wconf 91' lang='lat' dir='ltr'><strong>Plut.</strong></span> <span class='ocrx_word' id='word_1_279' title='bbox 577 4250 656 4315; x_wconf 88' lang='lat' dir='ltr'><strong>Mor.</strong></span> <span class='ocrx_word' id='word_1_280' title='bbox 671 4270 703 4335; x_wconf 89' lang='lat' dir='ltr'><strong>p.</strong></span> <span class='ocrx_word' id='word_1_281' title='bbox 721 4248 815 4316; x_wconf 81' lang='lat' dir='ltr'><strong>400f.</strong></span> <span class='ocrx_word' id='word_1_282' title='bbox 831 4250 953 4316; x_wconf 79' lang='lat' dir='ltr'><strong>helian.</strong></span> <span class='ocrx_word' id='word_1_283' title='bbox 970 4273 997 4314; x_wconf 89' lang='lat' dir='ltr'><strong>v.</strong></span> <span class='ocrx_word' id='word_1_284' title='bbox 1011 4250 1041 4316; x_wconf 94' lang='lat' dir='ltr'><strong>h.</strong></span> <span class='ocrx_word' id='word_1_285' title='bbox 1057 4248 1152 4329; x_wconf 88' lang='lat' dir='ltr'><strong>XIII,</strong></span> <span class='ocrx_word' id='word_1_286' title='bbox 1166 4256 1215 4319; x_wconf 85' lang='lat'><strong>33.</strong></span> <span class='ocrx_word' id='word_1_287' title='bbox 1258 4251 1362 4334; x_wconf 81' lang='lat' dir='ltr'><strong>Atque</strong></span> <span class='ocrx_word' id='word_1_288' title='bbox 1384 4250 1465 4317; x_wconf 90' lang='lat' dir='ltr'><strong>haec</strong></span> <span class='ocrx_word' id='word_1_289' title='bbox 1478 4247 1602 4334; x_wconf 90' lang='lat' dir='ltr'><strong>quidem</strong></span> 
     </span>
    </p>

    <p class='ocr_par' dir='ltr' id='par_1_9' title="bbox 483 4350 1599 4441">
     <span class='ocr_line' id='line_1_36' title="bbox 483 4350 1599 4441; baseline 0.005 -24"><span class='ocrx_word' id='word_1_290' title='bbox 483 4350 679 4435; x_wconf 87' lang='lat' dir='ltr'><strong>Rhodopidis</strong></span> <span class='ocrx_word' id='word_1_291' title='bbox 694 4355 877 4437; x_wconf 88' lang='lat' dir='ltr'><strong>conparatio</strong></span> <span class='ocrx_word' id='word_1_292' title='bbox 897 4361 1069 4439; x_wconf 88' lang='lat' dir='ltr'><strong>propterea</strong></span> <span class='ocrx_word' id='word_1_293' title='bbox 1082 4378 1146 4421; x_wconf 94' lang='lat' dir='ltr'><strong>non</strong></span> <span class='ocrx_word' id='word_1_294' title='bbox 1160 4357 1218 4423; x_wconf 91' lang='lat' dir='ltr'><strong>abs</strong></span> <span class='ocrx_word' id='word_1_295' title='bbox 1232 4378 1268 4422; x_wconf 90' lang='lat' dir='ltr'><strong>re</strong></span> <span class='ocrx_word' id='word_1_296' title='bbox 1281 4356 1351 4421; x_wconf 90' lang='lat' dir='ltr'><strong>fieri</strong></span> <span class='ocrx_word' id='word_1_297' title='bbox 1365 4355 1499 4435; x_wconf 82' lang='lat' dir='ltr'><strong>ridetur,</strong></span> <span class='ocrx_word' id='word_1_298' title='bbox 1518 4356 1599 4441; x_wconf 86' lang='lat' dir='ltr'><strong>quod</strong></span> 
     </span>
    </p>

    <p class='ocr_par' dir='ltr' id='par_1_10' title="bbox 482 4456 1596 4547">
     <span class='ocr_line' id='line_1_37' title="bbox 482 4456 1596 4547; baseline 0.005 -24"><span class='ocrx_word' id='word_1_299' title='bbox 482 4457 615 4523; x_wconf 89' lang='lat' dir='ltr'><strong>eandem</strong></span> <span class='ocrx_word' id='word_1_300' title='bbox 630 4456 763 4526; x_wconf 72' lang='lat' dir='ltr'><strong>dumam</strong></span> <span class='ocrx_word' id='word_1_301' title='bbox 788 4459 928 4528; x_wconf 89' lang='lat' dir='ltr'><strong>eiusdem</strong></span> <span class='ocrx_word' id='word_1_302' title='bbox 944 4462 1080 4527; x_wconf 91' lang='lat' dir='ltr'><strong>nominis</strong></span> <span class='ocrx_word' id='word_1_303' title='bbox 1093 4462 1262 4527; x_wconf 89' lang='lat' dir='ltr'><strong>mulierum</strong></span> <span class='ocrx_word' id='word_1_304' title='bbox 1278 4460 1505 4539; x_wconf 82' lang='lat' dir='ltr'><strong>confirsionem,</strong></span> <span class='ocrx_word' id='word_1_305' title='bbox 1525 4483 1596 4547; x_wconf 86' lang='lat' dir='ltr'><strong>qua·</strong></span> 
     </span>
    </p>

    <p class='ocr_par' dir='ltr' id='par_1_11' title="bbox 483 4558 1600 4649">
     <span class='ocr_line' id='line_1_38' title="bbox 483 4558 1600 4649; baseline 0.008 -25"><span class='ocrx_word' id='word_1_306' title='bbox 483 4580 554 4625; x_wconf 91' lang='lat' dir='ltr'><strong>rum</strong></span> <span class='ocrx_word' id='word_1_307' title='bbox 582 4558 717 4625; x_wconf 85' lang='lat' dir='ltr'><strong>aiteram</strong></span> <span class='ocrx_word' id='word_1_308' title='bbox 738 4563 881 4629; x_wconf 85' lang='lat' dir='ltr'><strong>novimus</strong></span> <span class='ocrx_word' id='word_1_309' title='bbox 902 4563 1126 4632; x_wconf 86' lang='lat' dir='ltr'><strong>Psammetichi</strong></span> <span class='ocrx_word' id='word_1_310' title='bbox 1154 4585 1285 4629; x_wconf 90' lang='lat' dir='ltr'><strong>uxorem</strong></span> <span class='ocrx_word' id='word_1_311' title='bbox 1307 4564 1523 4649; x_wconf 90' lang='lat' dir='ltr'><strong>sepultamque</strong></span> <span class='ocrx_word' id='word_1_312' title='bbox 1544 4566 1600 4633; x_wconf 91' lang='lat' dir='ltr'><strong>sub</strong></span> 
     </span>
    </p>
   </div>
   <div class='ocr_carea' id='block_1_6' title="bbox 481 4664 1602 4778">
    <p class='ocr_par' dir='ltr' id='par_1_12' title="bbox 481 4664 1602 4778">
     <span class='ocr_line' id='line_1_39' title="bbox 481 4664 1602 4778; baseline 0.004 -45"><span class='ocrx_word' id='word_1_313' title='bbox 481 4664 662 4753; x_wconf 82' lang='lat' dir='ltr'><strong>pyramide,</strong></span> <span class='ocrx_word' id='word_1_314' title='bbox 690 4670 727 4733; x_wconf 90' lang='lat' dir='ltr'><strong>ut</strong></span> <span class='ocrx_word' id='word_1_315' title='bbox 743 4669 882 4778; x_wconf 83' lang='lat' dir='ltr'><strong>priscam</strong></span> <span class='ocrx_word' id='word_1_316' title='bbox 902 4670 1086 4742; x_wconf 83' lang='lat' dir='ltr'><strong>Larentiam</strong></span> <span class='ocrx_word' id='word_1_317' title='bbox 1098 4671 1133 4737; x_wconf 91' lang='lat' dir='ltr'><strong>in</strong></span> <span class='ocrx_word' id='word_1_318' title='bbox 1152 4669 1307 4747; x_wconf 89' lang='lat' dir='ltr'><strong>Velabro,</strong></span> <span class='ocrx_word' id='word_1_319' title='bbox 1336 4671 1477 4777; x_wconf 38' lang='lat' dir='ltr'><strong>alteram,</strong></span> <span class='ocrx_word' id='word_1_320' title='bbox 1492 4670 1602 4755; x_wconf 77' lang='lat' dir='ltr'><strong>Aesopi</strong></span> 
     </span>
    </p>
   </div>
   <div class='ocr_carea' id='block_1_7' title="bbox 0 0 1858 5625">
    <p class='ocr_par' dir='ltr' id='par_1_13' title="bbox 0 0 1858 5625">
     <span class='ocr_line' id='line_1_40' title="bbox 0 0 1858 5625; baseline 0 0"><span class='ocrx_word' id='word_1_321' title='bbox 0 0 1858 5625; x_wconf 95' lang='lat' dir='ltr'><strong> </strong></span> 
     </span>
    </p>
   </div>
  </div>
 </body>
</html>
