3700 5625
725 627 942 700 ..87-

258 796 350 863 dicit·
357 797 546 865 Plutarchus
566 797 648 864 nihil
667 797 843 881 prudenter
857 799 962 880 aptari
974 803 1087 882 potest
1118 798 1218 877 Quem
1231 816 1296 864 non
1310 797 1390 865 adeo

260 903 410 986 ineptum
430 903 526 970 fuisse
552 904 705 970 credibile
734 907 795 982 est,
828 909 864 969 ut
888 899 1077 993 διατρύγιος
1096 905 1160 970 clio
1181 925 1275 970 sensu
1295 905 1386 970 adhi-

262 1004 375 1070 buerit
394 1006 445 1071 vel
472 1005 621 1072 adhiberi
647 1005 794 1084 voluerit,
824 1027 921 1090 quam
946 1007 1002 1089 qui
1029 1027 1089 1088 pro
1115 1027 1151 1072 re
1173 1012 1249 1074 nata
1270 1007 1390 1089 simpli-

263 1109 411 1174 cissimus
434 1115 529 1187 esset,
558 1131 714 1194 quemque
743 1109 785 1175 ad
812 1110 1052 1194 etymologiam,
1082 1130 1178 1194 quam
1202 1149 1237 1160 -
1259 1111 1328 1176 iure
1350 1131 1393 1177 an

260 1214 385 1280 iniuria
407 1215 490 1280 nihil
516 1215 616 1282 refert
633 1253 675 1264 —
694 1217 913 1298 propositurus
935 1219 1018 1295 erat,
1044 1215 1189 1298 plurimis
1209 1220 1391 1299 promptum

262 1321 299 1382 et
327 1317 512 1399 expeditum
532 1319 636 1384 visum
662 1319 704 1383 iri
727 1324 878 1401 speraret
922 1319 1034 1402 ltaque
1063 1318 1104 1404 de
1128 1318 1198 1384 loco
1220 1323 1312 1396 certe,
1334 1318 1392 1403 qui

261 1419 370 1485 dictrrs
391 1419 489 1487 fuerit
511 1419 709 1512 διατρύγιος,
737 1423 949 1507 recogitavit
969 1422 1098 1506 quidem
1118 1423 1314 1489 Plutarchus.
1343 1423 1392 1490 No

260 1525 345 1591 illud
365 1526 495 1610 quidem
519 1528 587 1593 sine
607 1533 684 1593 nota
702 1533 759 1594 aut
780 1528 955 1612 suspitione
972 1529 1305 1610 praetermittendum,
1327 1550 1389 1596 unc

259 1635 350 1719 quod
371 1637 469 1700 sciam
490 1636 639 1702 hocloco
659 1636 752 1719 prodi
774 1632 876 1726 τρύγα
898 1638 1094 1704 arcteribus
1115 1642 1302 1721 usurpatum
1322 1659 1391 1704 csso

263 1738 306 1804 de
330 1742 415 1805 omni
437 1740 525 1819 vino,
547 1762 619 1805 cum
640 1741 746 1823 potius
768 1741 912 1806 unanimi
932 1741 1072 1807 omnium
1094 1746 1216 1807 constet
1237 1761 1391 1806 consensu

259 1842 368 1933 τρύγα
398 1845 575 1930 significare
600 1847 709 1912 vinum
735 1845 876 1912 nondum
904 1846 1102 1912 defaecatum
1129 1868 1152 1912 s.
1179 1851 1317 1912 mustum
1338 1846 1389 1912 vel

260 1951 363 2014 etiam
389 1950 551 2016 Plutarchi
572 1957 678 2017 aetate
699 1952 765 2016 vini
793 1973 893 2036 genus
917 1954 1137 2030 secundarium,
1166 1951 1250 2036 quod
1272 1951 1389 2017 dicitur

257 2049 333 2116 lora
352 2049 559 2135 (nostratium
579 2052 701 2138 λοκον)
729 2052 814 2135 apud
836 2053 1009 2132 Romanos,
1043 2052 1214 2143 ὁευτερίας
1241 2073 1264 2120 s.
1288 2075 1387 2135 στεμ-

258 2150 406 2242 φυλύτης
427 2147 515 2233 οἶνος
542 2156 630 2239 apud
659 2157 798 2223 Graecos
827 2156 896 2241 (cir.
922 2156 1030 2222 Nicias
1051 2155 1093 2222 ad
1113 2157 1210 2239 Geop.
1229 2156 1258 2235 Ι,
1281 2155 1388 2240 457*),

257 2265 347 2347 quod
369 2265 508 2331 breviter
535 2265 688 2331 indicavit
715 2265 892 2350 Hesychius
913 2287 937 2330 s.
959 2287 986 2331 v.
1016 2260 1113 2353 τρύξ·
1146 2257 1164 2329 ὅ
1195 2263 1269 2342 νέος
1298 2254 1387 2340 οἶνος

259 2363 359 2454 παρὰ
385 2365 443 2452 τὴν
461 2361 581 2455 τρύγην
601 2365 659 2431 καὶ
686 2365 821 2452 γλεῦκος
850 2359 1054 2452 άύιὴθητον,
1086 2383 1221 2448 quocum
1242 2362 1389 2446 congruit

257 2467 378 2534 Suidas
403 2491 426 2534 s.
449 2492 476 2534 v.
498 2466 616 2558 τρυγὸς
636 2466 803 2555 γλυκείας·
825 2475 978 2536 τουτέστι
1000 2470 1059 2533 τοῦ
1085 2469 1177 2534 νέου·
1199 2469 1302 2557 τρύγα
1325 2465 1387 2555 γάρ

256 2570 320 2636 καὶ
341 2571 398 2636 τὸν
417 2571 491 2638 νέον
512 2563 602 2638 οἶνον
616 2569 756 2638 ἐκάλουν
778 2572 835 2639 καὶ
855 2573 914 2662 τὴν
930 2568 1166 2662 ὑποστάθμην.
1204 2572 1387 2656 Eodemque

256 2674 357 2740 modo
375 2673 417 2741 de
435 2676 496 2741 hoc
517 2676 670 2742 vocabulo
691 2678 853 2743 enarravit
870 2677 980 2745 Galen.
1002 2678 1043 2743 de
1065 2678 1150 2746 alim.
1173 2678 1278 2744 facult
1303 2676 1344 2756 ll,
1366 2683 1386 2744 9

255 2801 292 2864 p.
304 2786 366 2849 579
374 2780 424 2861 K,
444 2801 538 2865 quem
556 2782 667 2848 citavit
680 2781 787 2848 Niclas
808 2783 850 2849 ad
864 2784 961 2865 Geop.
976 2782 997 2848 l.
1012 2783 1033 2851 l.
1052 2777 1090 2848 τύ
1104 2804 1141 2869 γε
1155 2781 1219 2869 μὴν
1241 2775 1385 2869 ὑφιστά-

255 2905 360 2965 μενον
382 2887 455 2961 τοῖς
477 2878 582 2961 οἴνοις
603 2880 692 2964 παχύ
713 2879 747 2949 oi
776 2882 897 2949 πολλοὶ
918 2886 983 2948 τιύν
1005 2878 1237 2963 ἀττικιζόντων
1259 2877 1384 2965 ὀνομά-

259 2987 357 3068 ζουσι
370 2984 483 3076 τρύγα,
501 2994 534 3054 et
547 2989 642 3071 paulo
663 2993 735 3071 post
748 2986 786 3053 τύ
799 2984 862 3075 γάρ
877 3012 932 3054 τοι
945 2991 1011 3054 τῶν
1025 2985 1169 3078 βροτέων
1185 2983 1384 3075 άττόβρεγμα

257 3086 365 3179 τρύγα
387 3090 552 3171 καλοῖσιν,
576 3087 662 3181 ὅπερ
685 3082 727 3156 αὖ
755 3087 858 3157 πάλιν
881 3087 914 3156 οἱ
937 3084 1157 3172 ἀττικίζοντος
1179 3083 1382 3174 άνομάζουσι

257 3194 444 3281 δευτερίαν·
464 3196 690 3287 στεμφυλίτιγς
706 3198 775 3285 (cfr.
789 3198 886 3281 Gcop
899 3198 920 3262 l
933 3198 954 3265 l.
976 3186 1013 3284 ἢν
1036 3195 1223 3286 ἐπιχωρίως
1245 3197 1384 3262 καλοῦσι

256 3300 417 3385 θάμνον)
443 3291 540 3381 οὗτος
572 3297 651 3392 παρ’
679 3298 757 3391 ἡμῖν
787 3303 949 3369 καλεῖται.
1000 3304 1047 3369 Ut
1076 3303 1131 3386 qui
1161 3307 1288 3384 praeter
1311 3302 1382 3367 Plu·

257 3400 366 3465 tarchi
394 3400 498 3465 locum
524 3401 669 3467 adhibito
698 3400 820 3466 Cratini
848 3402 1032 3473 testimonio
1062 3400 1148 3484 apud
1169 3399 1329 3466 Pollucem
1349 3401 1384 3463 in

256 3504 419 3569 Onomast
434 3503 488 3581 VI,
507 3508 545 3570 18
560 3503 618 3569 τὸν
635 3504 672 3571 δὲ
689 3494 779 3571 οἶνον
794 3501 852 3568 καὶ
866 3502 969 3591 τρύγα
992 3500 1132 3569 ἐκάλουν
1147 3496 1192 3579 ὡς
1215 3500 1249 3567 ἐν
1263 3498 1383 3591 Ὥραις

256 3609 427 3696 Κρατῖνος
445 3606 543 3691 λέγει·
644 3637 648 3643 ’

430 3700 501 3772 ἀλλ’
521 3698 561 3793 ἦν
581 3700 629 3771 ὅτ’
652 3704 686 3773 ἒν
709 3700 847 3794 quirion
867 3702 929 3791 τὴν
951 3698 1059 3790 ὀσφύν
1082 3696 1164 3783 ἔζων

429 3805 499 3895 μετ’
522 3809 606 3894 ἐμοῦ
627 3811 752 3897 crayae,
777 3806 925 3899 οἰνάριον
948 3806 1051 3873 ἕλκων
1073 3800 1205 3894 τρυγός,

253 3914 340 4010 τρύξ
360 3919 401 3987 de
422 3919 495 3984 vino
516 3919 630 3985 latiore
650 3916 830 4002 significatu
851 3916 936 3999 apud
956 3920 1078 3981 veteres
1098 3934 1159 3979 usu
1172 3912 1294 3978 venisse
1310 3932 1382 3977 con-

254 4019 444 4098 tenderunt,
471 4041 583 4086 verear
612 4042 652 4085 ne
679 4018 887 4086 inconsultius
924 4016 1026 4102 egisse
1062 4019 1257 4081 censeantur.
1301 4010 1384 4075 Nam

253 4129 335 4195 licet
360 4126 508 4196 nonnihil
534 4127 624 4193 dubii
652 4127 687 4191 in
716 4127 776 4192 hoc
804 4127 874 4191 loco
901 4125 953 4191 vel
980 4129 1053 4208 post
1079 4119 1218 4189 Meineki
1245 4138 1383 4200 operam,

253 4233 320 4299 viri
341 4253 414 4298 mea
440 4229 534 4297 laude
563 4231 657 4316 longe
678 4231 863 4314 superioris,
893 4230 1040 4296 relictum
1068 4227 1110 4293 sit
1135 4225 1175 4290 cb
1203 4221 1384 4308 genetivum

253 4332 378 4424 τρυγός
406 4334 450 4400 ad
480 4330 628 4424 οἰνάριον
657 4334 791 4402 liberius
826 4333 1023 4410 adiunctum,
1056 4350 1128 4395 cum
1158 4325 1286 4392 licuerit
1317 4326 1385 4392 sine

258 4460 462 4471 ,...----

338 4508 366 4576 *)
386 4510 443 4563 Huc
466 4524 574 4577 quoque
598 4511 721 4564 convenit
738 4511 809 4575 quod
828 4512 944 4561 intanto
963 4504 1085 4560 vocabuli
1104 4500 1267 4571 significatus
1286 4502 1385 4555 ambitu

252 4616 391 4667 nusquam
408 4602 443 4651 de
460 4600 518 4652 aliis
537 4602 616 4653 rebus
635 4602 729 4653 dicitur
747 4615 826 4666 quam
844 4600 878 4650 de
898 4599 1080 4659 cuiuscunque
1104 4596 1209 4661 generis
1228 4592 1383 4645 sedimentis

251 4688 300 4741 rel
312 4680 521 4756 ύποστάθμαις,
540 4702 592 4752 qua
604 4687 639 4740 de
650 4702 680 4739 re
691 4687 845 4740 doctissime
857 4684 991 4736 adnotavit
1001 4680 1174 4747 exemplaque
1185 4679 1319 4745 congessit
1332 4676 1383 4728 Lo·

252 4774 331 4831 osen
347 4776 384 4829 ιο
400 4775 498 4845 enyo.
517 4792 542 4843 p.
561 4776 603 4828 u.
1332 4794 1524 5294 Γ
