<?xml version="1.0" encoding="UTF-8"?>
<!DOCTYPE html PUBLIC "-//W3C//DTD XHTML 1.0 Transitional//EN"
    "http://www.w3.org/TR/xhtml1/DTD/xhtml1-transitional.dtd">
<html xmlns="http://www.w3.org/1999/xhtml" xml:lang="en" lang="en">
 <head>
  <title>
</title>
<meta http-equiv="Content-Type" content="text/html;charset=utf-8" />
  <meta name='ocr-system' content='tesseract 3.04.00' />
  <meta name='ocr-capabilities' content='ocr_page ocr_carea ocr_par ocr_line ocrx_word'/>
</head>
<body>
  <div class='ocr_page' id='page_1' title='image "./vindiciarumplut00doehgoog_0097.png"; bbox 0 0 3700 5625; ppageno 0'>
   <div class='ocr_carea' id='block_1_1' title="bbox 171 652 177 780">
    <p class='ocr_par' dir='ltr' id='par_1_1' title="bbox 171 652 177 780">
     <span class='ocr_line' id='line_1_1' title="bbox 171 652 177 780; baseline 0 0"><span class='ocrx_word' id='word_1_1' title='bbox 171 652 177 780; x_wconf 87' lang='lat' dir='ltr'><strong>l</strong></span> 
     </span>
    </p>
   </div>
   <div class='ocr_carea' id='block_1_2' title="bbox 172 788 174 859">
    <p class='ocr_par' dir='ltr' id='par_1_2' title="bbox 172 788 174 859">
     <span class='ocr_line' id='line_1_2' title="bbox 172 788 174 859; baseline 0 0"><span class='ocrx_word' id='word_1_2' title='bbox 172 788 174 859; x_wconf 81' lang='lat' dir='ltr'><strong>l</strong></span> 
     </span>
    </p>
   </div>
   <div class='ocr_carea' id='block_1_3' title="bbox 674 615 886 676">
    <p class='ocr_par' dir='ltr' id='par_1_3' title="bbox 674 615 886 676">
     <span class='ocr_line' id='line_1_3' title="bbox 674 615 886 676; baseline -0.019 -16"><span class='ocrx_word' id='word_1_3' title='bbox 674 615 886 676; x_wconf 77' lang='lat'>..79-</span> 
     </span>
    </p>
   </div>
   <div class='ocr_carea' id='block_1_4' title="bbox 243 765 1351 863">
    <p class='ocr_par' dir='ltr' id='par_1_4' title="bbox 243 765 1351 863">
     <span class='ocr_line' id='line_1_4' title="bbox 243 765 1351 863; baseline -0.005 -18"><span class='ocrx_word' id='word_1_4' title='bbox 243 780 387 846; x_wconf 82' lang='lat' dir='ltr'><strong>excusatio</strong></span> <span class='ocrx_word' id='word_1_5' title='bbox 408 779 479 845; x_wconf 93' lang='lat' dir='ltr'><strong>loco</strong></span> <span class='ocrx_word' id='word_1_6' title='bbox 499 798 529 861; x_wconf 89' lang='lat' dir='ltr'><strong>p.</strong></span> <span class='ocrx_word' id='word_1_7' title='bbox 550 783 642 844; x_wconf 78' lang='lat'>7140</span> <span class='ocrx_word' id='word_1_8' title='bbox 664 771 697 840; x_wconf 79' lang='grc' dir='ltr'><strong>οῖ</strong></span> <span class='ocrx_word' id='word_1_9' title='bbox 719 776 756 842; x_wconf 84' lang='grc' dir='ltr'><strong><em>δέ</em></strong></span> <span class='ocrx_word' id='word_1_10' title='bbox 778 773 923 857; x_wconf 78' lang='grc' dir='ltr'><em>πάμπαν</em></span> <span class='ocrx_word' id='word_1_11' title='bbox 938 766 1072 863; x_wconf 75' lang='grc' dir='ltr'><strong><em>ἀρχαῖοι</em></strong></span> <span class='ocrx_word' id='word_1_12' title='bbox 1093 765 1140 851; x_wconf 88' lang='grc' dir='ltr'><strong><em>ώς</em></strong></span> <span class='ocrx_word' id='word_1_13' title='bbox 1163 768 1242 840; x_wconf 79' lang='grc' dir='ltr'><strong><em>οὐδέ</em></strong></span> <span class='ocrx_word' id='word_1_14' title='bbox 1262 774 1351 856; x_wconf 64' lang='lat' dir='ltr'><strong>acl„-</strong></span> 
     </span>
    </p>
   </div>
   <div class='ocr_carea' id='block_1_5' title="bbox 172 870 1353 1160">
    <p class='ocr_par' dir='ltr' id='par_1_5' title="bbox 172 870 1353 1160">
     <span class='ocr_line' id='line_1_5' title="bbox 172 870 1353 963; baseline -0.005 -17"><span class='ocrx_word' id='word_1_15' title='bbox 172 870 173 961; x_wconf 59' lang='grc' dir='ltr'><strong><em>λ</em></strong></span> <span class='ocrx_word' id='word_1_16' title='bbox 242 905 288 948; x_wconf 88' lang='lat' dir='ltr'><strong>nec</strong></span> <span class='ocrx_word' id='word_1_17' title='bbox 307 881 517 949; x_wconf 87' lang='lat' dir='ltr'><strong>dubitandum</strong></span> <span class='ocrx_word' id='word_1_18' title='bbox 537 879 663 946; x_wconf 83' lang='lat' dir='ltr'><strong>videtur</strong></span> <span class='ocrx_word' id='word_1_19' title='bbox 682 878 761 963; x_wconf 92' lang='lat' dir='ltr'><strong>quin</strong></span> <span class='ocrx_word' id='word_1_20' title='bbox 783 877 828 956; x_wconf 92' lang='grc' dir='ltr'><strong>ΙΙ,</strong></span> <span class='ocrx_word' id='word_1_21' title='bbox 852 882 880 955; x_wconf 86' lang='grc'><strong>6,</strong></span> <span class='ocrx_word' id='word_1_22' title='bbox 903 881 922 945; x_wconf 86' lang='grc'>3</span> <span class='ocrx_word' id='word_1_23' title='bbox 944 897 975 958; x_wconf 87' lang='lat' dir='ltr'><strong>p-</strong></span> <span class='ocrx_word' id='word_1_24' title='bbox 996 881 1088 943; x_wconf 74' lang='grc'>6419,</span> <span class='ocrx_word' id='word_1_25' title='bbox 1106 877 1141 939; x_wconf 92' lang='lat' dir='ltr'><strong>in</strong></span> <span class='ocrx_word' id='word_1_26' title='bbox 1159 875 1264 940; x_wconf 83' lang='lat' dir='ltr'><strong>verbis</strong></span> <span class='ocrx_word' id='word_1_27' title='bbox 1285 871 1353 940; x_wconf 56' lang='lat' dir='ltr'><strong>alea</strong></span> 
     </span>
     <span class='ocr_line' id='line_1_6' title="bbox 172 965 1353 1069; baseline -0.008 -22"><span class='ocrx_word' id='word_1_28' title='bbox 172 1030 173 1065; x_wconf 77' lang='grc'><strong><em>,</em></strong></span> <span class='ocrx_word' id='word_1_29' title='bbox 242 1006 294 1069; x_wconf 87' lang='grc' dir='ltr'><strong>περ</strong></span> <span class='ocrx_word' id='word_1_30' title='bbox 317 981 378 1069; x_wconf 82' lang='grc' dir='ltr'><strong>γδρ</strong></span> <span class='ocrx_word' id='word_1_31' title='bbox 403 977 436 1046; x_wconf 83' lang='grc' dir='ltr'><strong>οῖ</strong></span> <span class='ocrx_word' id='word_1_32' title='bbox 460 975 673 1067; x_wconf 76' lang='grc' dir='ltr'><strong><em>πολυσαρκίᾳ</em></strong></span> <span class='ocrx_word' id='word_1_33' title='bbox 694 974 952 1065; x_wconf 79' lang='grc' dir='ltr'><em>κεχρημένοι</em></span> <span class='ocrx_word' id='word_1_34' title='bbox 974 970 1045 1038; x_wconf 86' lang='grc' dir='ltr'><strong><em>καί</em></strong></span> <span class='ocrx_word' id='word_1_35' title='bbox 1072 965 1198 1060; x_wconf 77' lang='grc' dir='ltr'><strong><em>δμκῳ,</em></strong></span> <span class='ocrx_word' id='word_1_36' title='bbox 1220 967 1273 1050; x_wconf 86' lang='grc' dir='ltr'><strong><em>ώς</em></strong></span> <span class='ocrx_word' id='word_1_37' title='bbox 1295 971 1353 1040; x_wconf 80' lang='grc' dir='ltr'><strong><em>ἐπὶ</em></strong></span> 
     </span>
     <span class='ocr_line' id='line_1_7' title="bbox 172 1071 1350 1160; baseline -0.007 -15"><span class='ocrx_word' id='word_1_38' title='bbox 172 1078 173 1093; x_wconf 72' lang='grc'>’</span> <span class='ocrx_word' id='word_1_39' title='bbox 239 1080 267 1145; x_wconf 86' lang='grc' dir='ltr'><strong><em>ιδ</em></strong></span> <span class='ocrx_word' id='word_1_40' title='bbox 289 1080 445 1146; x_wconf 88' lang='grc' dir='ltr'><strong><em>πλεῖστον</em></strong></span> <span class='ocrx_word' id='word_1_41' title='bbox 469 1071 602 1144; x_wconf 81' lang='grc' dir='ltr'><strong><em>ἐίτεκνοι</em></strong></span> <span class='ocrx_word' id='word_1_42' title='bbox 615 1077 777 1160; x_wconf 86' lang='lat' dir='ltr'><strong>aliquanto</strong></span> <span class='ocrx_word' id='word_1_43' title='bbox 799 1073 997 1157; x_wconf 80' lang='lat' dir='ltr'>probabilior</span> <span class='ocrx_word' id='word_1_44' title='bbox 1020 1073 1062 1138; x_wconf 89' lang='lat' dir='ltr'><strong>sit</strong></span> <span class='ocrx_word' id='word_1_45' title='bbox 1077 1073 1266 1153; x_wconf 79' lang='lat' dir='ltr'><strong>coniectura,</strong></span> <span class='ocrx_word' id='word_1_46' title='bbox 1278 1073 1350 1138; x_wconf 90' lang='lat' dir='ltr'><strong>Plu·</strong></span> 
     </span>
    </p>
   </div>
   <div class='ocr_carea' id='block_1_6' title="bbox 223 1176 1426 4275">
    <p class='ocr_par' dir='ltr' id='par_1_6' title="bbox 238 1176 1353 1474">
     <span class='ocr_line' id='line_1_8' title="bbox 238 1176 1352 1267; baseline -0.004 -17"><span class='ocrx_word' id='word_1_47' title='bbox 238 1185 372 1250; x_wconf 89' lang='lat' dir='ltr'><strong>tarchum</strong></span> <span class='ocrx_word' id='word_1_48' title='bbox 392 1183 618 1266; x_wconf 77' lang='lat' dir='ltr'><strong>adspirationis</strong></span> <span class='ocrx_word' id='word_1_49' title='bbox 633 1182 726 1248; x_wconf 89' lang='lat' dir='ltr'><strong>venia</strong></span> <span class='ocrx_word' id='word_1_50' title='bbox 739 1201 833 1245; x_wconf 88' lang='lat' dir='ltr'><strong>usum</strong></span> <span class='ocrx_word' id='word_1_51' title='bbox 847 1178 972 1244; x_wconf 79' lang='lat' dir='ltr'><strong>dedisse</strong></span> <span class='ocrx_word' id='word_1_52' title='bbox 996 1176 1027 1244; x_wconf 83' lang='grc' dir='ltr'><strong>οῖ</strong></span> <span class='ocrx_word' id='word_1_53' title='bbox 1050 1177 1261 1267; x_wconf 82' lang='grc' dir='ltr'><strong><em>πολυσαρκίᾳ</em></strong></span> <span class='ocrx_word' id='word_1_54' title='bbox 1283 1178 1352 1245; x_wconf 86' lang='grc' dir='ltr'><strong><em>καί</em></strong></span> 
     </span>
     <span class='ocr_line' id='line_1_9' title="bbox 239 1281 1353 1377; baseline -0.004 -22"><span class='ocrx_word' id='word_1_55' title='bbox 239 1283 338 1376; x_wconf 78' lang='grc' dir='ltr'><strong><em>ίμκφ</em></strong></span> <span class='ocrx_word' id='word_1_56' title='bbox 366 1289 636 1377; x_wconf 74' lang='grc' dir='ltr'><strong><em>κεχρημένοι,</em></strong></span> <span class='ocrx_word' id='word_1_57' title='bbox 668 1281 722 1365; x_wconf 89' lang='grc' dir='ltr'><strong><em>ώς</em></strong></span> <span class='ocrx_word' id='word_1_58' title='bbox 745 1286 828 1365; x_wconf 76' lang='grc' dir='ltr'><strong><em>κτλ,</em></strong></span> <span class='ocrx_word' id='word_1_59' title='bbox 857 1307 954 1370; x_wconf 86' lang='lat' dir='ltr'><strong>quam</strong></span> <span class='ocrx_word' id='word_1_60' title='bbox 979 1285 1187 1370; x_wconf 82' lang='lat' dir='ltr'><strong>incongruum</strong></span> <span class='ocrx_word' id='word_1_61' title='bbox 1217 1285 1353 1351; x_wconf 86' lang='lat' dir='ltr'><strong>alterum</strong></span> 
     </span>
     <span class='ocr_line' id='line_1_10' title="bbox 238 1388 1292 1474; baseline 0 -19"><span class='ocrx_word' id='word_1_62' title='bbox 238 1392 286 1458; x_wconf 80' lang='grc' dir='ltr'><strong>ναί</strong></span> <span class='ocrx_word' id='word_1_63' title='bbox 302 1399 376 1459; x_wconf 91' lang='lat' dir='ltr'><strong>ante</strong></span> <span class='ocrx_word' id='word_1_64' title='bbox 400 1388 446 1469; x_wconf 79' lang='grc' dir='ltr'><strong><em>ώς</em></strong></span> <span class='ocrx_word' id='word_1_65' title='bbox 465 1391 638 1471; x_wconf 82' lang='lat' dir='ltr'><strong>addidisse,</strong></span> <span class='ocrx_word' id='word_1_66' title='bbox 660 1389 694 1455; x_wconf 90' lang='lat' dir='ltr'><strong>id</strong></span> <span class='ocrx_word' id='word_1_67' title='bbox 716 1389 800 1474; x_wconf 92' lang='lat' dir='ltr'><strong>quod</strong></span> <span class='ocrx_word' id='word_1_68' title='bbox 821 1390 920 1454; x_wconf 89' lang='lat' dir='ltr'><strong>miror</strong></span> <span class='ocrx_word' id='word_1_69' title='bbox 940 1389 1109 1454; x_wconf 86' lang='lat' dir='ltr'><strong>Benselero</strong></span> <span class='ocrx_word' id='word_1_70' title='bbox 1129 1388 1292 1471; x_wconf 88' lang='lat' dir='ltr'><strong>placuisse.</strong></span> 
     </span>
    </p>

    <p class='ocr_par' dir='ltr' id='par_1_7' title="bbox 234 1497 1426 2305">
     <span class='ocr_line' id='line_1_11' title="bbox 311 1497 1352 1590; baseline 0 -28"><span class='ocrx_word' id='word_1_71' title='bbox 311 1498 430 1563; x_wconf 81' lang='lat' dir='ltr'><strong>Durior</strong></span> <span class='ocrx_word' id='word_1_72' title='bbox 450 1497 550 1590; x_wconf 84' lang='lat' dir='ltr'><strong>multo</strong></span> <span class='ocrx_word' id='word_1_73' title='bbox 578 1498 613 1561; x_wconf 92' lang='lat' dir='ltr'><strong>in</strong></span> <span class='ocrx_word' id='word_1_74' title='bbox 642 1497 703 1562; x_wconf 89' lang='lat' dir='ltr'><strong>hoc</strong></span> <span class='ocrx_word' id='word_1_75' title='bbox 724 1518 839 1581; x_wconf 82' lang='lat' dir='ltr'><strong>genere</strong></span> <span class='ocrx_word' id='word_1_76' title='bbox 861 1502 910 1561; x_wconf 89' lang='lat' dir='ltr'><strong>est</strong></span> <span class='ocrx_word' id='word_1_77' title='bbox 930 1497 1036 1562; x_wconf 79' lang='lat' dir='ltr'><strong>hiatus</strong></span> <span class='ocrx_word' id='word_1_78' title='bbox 1066 1502 1099 1564; x_wconf 89' lang='lat' dir='ltr'><strong>et</strong></span> <span class='ocrx_word' id='word_1_79' title='bbox 1120 1497 1173 1561; x_wconf 81' lang='lat' dir='ltr'><strong>vin</strong></span> <span class='ocrx_word' id='word_1_80' title='bbox 1194 1497 1352 1578; x_wconf 73' lang='lat' dir='ltr'><strong>ferendus,</strong></span> 
     </span>
     <span class='ocr_line' id='line_1_12' title="bbox 236 1601 1353 1687; baseline 0.002 -19"><span class='ocrx_word' id='word_1_81' title='bbox 236 1602 354 1686; x_wconf 90' lang='lat' dir='ltr'><strong>quando</strong></span> <span class='ocrx_word' id='word_1_82' title='bbox 375 1601 493 1668; x_wconf 83' lang='lat' dir='ltr'><strong>vocalis</strong></span> <span class='ocrx_word' id='word_1_83' title='bbox 515 1602 613 1687; x_wconf 84' lang='lat' dir='ltr'><strong>longa</strong></span> <span class='ocrx_word' id='word_1_84' title='bbox 641 1603 797 1685; x_wconf 81' lang='lat' dir='ltr'><strong>excipitur</strong></span> <span class='ocrx_word' id='word_1_85' title='bbox 824 1602 930 1680; x_wconf 87' lang='lat' dir='ltr'><strong>brevi,</strong></span> <span class='ocrx_word' id='word_1_86' title='bbox 958 1602 993 1665; x_wconf 94' lang='lat' dir='ltr'><strong>in</strong></span> <span class='ocrx_word' id='word_1_87' title='bbox 1011 1601 1081 1667; x_wconf 91' lang='lat' dir='ltr'><strong>loco</strong></span> <span class='ocrx_word' id='word_1_88' title='bbox 1103 1601 1144 1666; x_wconf 90' lang='lat' dir='ltr'><strong>ad</strong></span> <span class='ocrx_word' id='word_1_89' title='bbox 1167 1602 1353 1670; x_wconf 89' lang='lat' dir='ltr'><strong>ordiendum</strong></span> 
     </span>
     <span class='ocr_line' id='line_1_13' title="bbox 235 1699 1426 1790; baseline 0.005 -26"><span class='ocrx_word' id='word_1_90' title='bbox 235 1701 478 1782; x_wconf 83' lang='lat' dir='ltr'><strong>auspicatissimo</strong></span> <span class='ocrx_word' id='word_1_91' title='bbox 493 1700 587 1780; x_wconf 85' lang='lat' dir='ltr'>VIII,</span> <span class='ocrx_word' id='word_1_92' title='bbox 609 1709 642 1780; x_wconf 88' lang='grc'><strong>4,</strong></span> <span class='ocrx_word' id='word_1_93' title='bbox 665 1709 693 1780; x_wconf 88' lang='grc'><strong>4,</strong></span> <span class='ocrx_word' id='word_1_94' title='bbox 711 1723 742 1784; x_wconf 86' lang='lat' dir='ltr'><strong>p.</strong></span> <span class='ocrx_word' id='word_1_95' title='bbox 764 1701 857 1768; x_wconf 66' lang='lat'>7241)</span> <span class='ocrx_word' id='word_1_96' title='bbox 876 1699 917 1767; x_wconf 90' lang='lat' dir='ltr'><strong>de</strong></span> <span class='ocrx_word' id='word_1_97' title='bbox 932 1701 1079 1783; x_wconf 85' lang='lat' dir='ltr'><strong>Apolline</strong></span> <span class='ocrx_word' id='word_1_98' title='bbox 1102 1699 1177 1768; x_wconf 84' lang='grc' dir='ltr'><strong><em>ἐπεὶ</em></strong></span> <span class='ocrx_word' id='word_1_99' title='bbox 1199 1702 1256 1769; x_wconf 84' lang='grc' dir='ltr'><strong><em>καί</em></strong></span> <span class='ocrx_word' id='word_1_100' title='bbox 1273 1701 1352 1790; x_wconf 88' lang='grc' dir='ltr'><strong><em>φίλ-</em></strong></span> <span class='ocrx_word' id='word_1_101' title='bbox 1425 1745 1426 1750; x_wconf 42' lang='lat'>1</span> 
     </span>
     <span class='ocr_line' id='line_1_14' title="bbox 235 1798 1352 1894; baseline 0.003 -24"><span class='ocrx_word' id='word_1_102' title='bbox 235 1804 338 1883; x_wconf 85' lang='grc' dir='ltr'><strong><em>αθλος</em></strong></span> <span class='ocrx_word' id='word_1_103' title='bbox 359 1798 469 1884; x_wconf 74' lang='grc' dir='ltr'><strong><em>ώλλως</em></strong></span> <span class='ocrx_word' id='word_1_104' title='bbox 490 1804 547 1872; x_wconf 86' lang='grc' dir='ltr'><strong><em>καί</em></strong></span> <span class='ocrx_word' id='word_1_105' title='bbox 569 1801 760 1894; x_wconf 79' lang='grc' dir='ltr'><strong><em>φιλόνεικος</em></strong></span> <span class='ocrx_word' id='word_1_106' title='bbox 787 1799 865 1892; x_wconf 81' lang='grc' dir='ltr'><strong><em>ἡμῖν</em></strong></span> <span class='ocrx_word' id='word_1_107' title='bbox 889 1800 908 1871; x_wconf 88' lang='grc' dir='ltr'><strong><em>δ</em></strong></span> <span class='ocrx_word' id='word_1_108' title='bbox 933 1803 1029 1886; x_wconf 87' lang='grc' dir='ltr'><strong><em>θεὸς,</em></strong></span> <span class='ocrx_word' id='word_1_109' title='bbox 1063 1800 1164 1885; x_wconf 79' lang='grc' dir='ltr'><strong><em>αὐτὸς</em></strong></span> <span class='ocrx_word' id='word_1_110' title='bbox 1186 1805 1220 1873; x_wconf 90' lang='grc' dir='ltr'><strong>ἐν</strong></span> <span class='ocrx_word' id='word_1_111' title='bbox 1249 1812 1352 1873; x_wconf 87' lang='grc' dir='ltr'><strong><em>κιθα-</em></strong></span> 
     </span>
     <span class='ocr_line' id='line_1_15' title="bbox 236 1901 1350 1998; baseline 0.004 -26"><span class='ocrx_word' id='word_1_112' title='bbox 236 1905 316 1995; x_wconf 87' lang='grc' dir='ltr'><strong><em>ρίσει</em></strong></span> <span class='ocrx_word' id='word_1_113' title='bbox 346 1908 402 1975; x_wconf 84' lang='grc' dir='ltr'><strong><em>καί</em></strong></span> <span class='ocrx_word' id='word_1_114' title='bbox 430 1901 502 1996; x_wconf 74' lang='grc' dir='ltr'><strong>ᾠδῇ</strong></span> <span class='ocrx_word' id='word_1_115' title='bbox 530 1908 586 1974; x_wconf 86' lang='grc' dir='ltr'><strong><em>καί</em></strong></span> <span class='ocrx_word' id='word_1_116' title='bbox 614 1909 733 1992; x_wconf 71' lang='grc' dir='ltr'><strong><em>βολαῖς</em></strong></span> <span class='ocrx_word' id='word_1_117' title='bbox 760 1907 891 1989; x_wconf 88' lang='grc' dir='ltr'><strong><em>δίσκων,</em></strong></span> <span class='ocrx_word' id='word_1_118' title='bbox 922 1902 968 1988; x_wconf 69' lang='lat' dir='ltr'><strong>dg</strong></span> <span class='ocrx_word' id='word_1_119' title='bbox 990 1903 1019 1975; x_wconf 72' lang='grc' dir='ltr'><strong>δ’</strong></span> <span class='ocrx_word' id='word_1_120' title='bbox 1041 1905 1126 1976; x_wconf 83' lang='grc' dir='ltr'><strong><em>ένιοί</em></strong></span> <span class='ocrx_word' id='word_1_121' title='bbox 1153 1935 1255 1998; x_wconf 91' lang='grc' dir='ltr'><strong><em>φασι,</em></strong></span> <span class='ocrx_word' id='word_1_122' title='bbox 1292 1911 1350 1978; x_wconf 88' lang='grc' dir='ltr'><strong><em>καί</em></strong></span> 
     </span>
     <span class='ocr_line' id='line_1_16' title="bbox 237 2007 1351 2101; baseline 0.004 -24"><span class='ocrx_word' id='word_1_123' title='bbox 237 2014 377 2101; x_wconf 70' lang='grc' dir='ltr'><strong><em>πυγμῇ</em></strong></span> <span class='ocrx_word' id='word_1_124' title='bbox 404 2007 716 2097; x_wconf 78' lang='grc' dir='ltr'><strong><em>ἁμιλλώμενος,</em></strong></span> <span class='ocrx_word' id='word_1_125' title='bbox 746 2015 782 2078; x_wconf 94' lang='lat' dir='ltr'><strong>in</strong></span> <span class='ocrx_word' id='word_1_126' title='bbox 810 2014 938 2097; x_wconf 87' lang='lat' dir='ltr'><strong>quibus,</strong></span> <span class='ocrx_word' id='word_1_127' title='bbox 967 2015 995 2080; x_wconf 92' lang='lat' dir='ltr'><strong>si</strong></span> <span class='ocrx_word' id='word_1_128' title='bbox 1016 2014 1217 2082; x_wconf 88' lang='lat' dir='ltr'><strong>scribendum</strong></span> <span class='ocrx_word' id='word_1_129' title='bbox 1237 2037 1351 2101; x_wconf 88' lang='lat' dir='ltr'><strong>propo-</strong></span> 
     </span>
     <span class='ocr_line' id='line_1_17' title="bbox 234 2110 1354 2203; baseline 0.004 -23"><span class='ocrx_word' id='word_1_130' title='bbox 234 2138 322 2182; x_wconf 84' lang='lat' dir='ltr'><strong>suero</strong></span> <span class='ocrx_word' id='word_1_131' title='bbox 345 2117 402 2182; x_wconf 88' lang='grc' dir='ltr'><strong><em>καί</em></strong></span> <span class='ocrx_word' id='word_1_132' title='bbox 423 2114 588 2203; x_wconf 74' lang='grc' dir='ltr'><strong><em>πυγμὴν</em></strong></span> <span class='ocrx_word' id='word_1_133' title='bbox 610 2110 910 2196; x_wconf 75' lang='grc' dir='ltr'><strong><em>ἁμιλλώμενος</em></strong></span> <span class='ocrx_word' id='word_1_134' title='bbox 930 2118 1010 2182; x_wconf 87' lang='lat' dir='ltr'><strong>ooul.</strong></span> <span class='ocrx_word' id='word_1_135' title='bbox 1031 2117 1113 2184; x_wconf 82' lang='lat' dir='ltr'><strong>Plut.</strong></span> <span class='ocrx_word' id='word_1_136' title='bbox 1125 2118 1204 2185; x_wconf 86' lang='lat' dir='ltr'><strong>Mor.</strong></span> <span class='ocrx_word' id='word_1_137' title='bbox 1220 2139 1250 2201; x_wconf 76' lang='lat' dir='ltr'><strong>p,</strong></span> <span class='ocrx_word' id='word_1_138' title='bbox 1270 2123 1354 2188; x_wconf 76' lang='lat'>1890</span> 
     </span>
     <span class='ocr_line' id='line_1_18' title="bbox 235 2210 1301 2305; baseline 0.001 -23"><span class='ocrx_word' id='word_1_139' title='bbox 235 2216 363 2304; x_wconf 74' lang='grc' dir='ltr'><strong><em>πυγμὴν</em></strong></span> <span class='ocrx_word' id='word_1_140' title='bbox 385 2216 442 2282; x_wconf 84' lang='grc' dir='ltr'><strong><em>καί</em></strong></span> <span class='ocrx_word' id='word_1_141' title='bbox 463 2212 670 2305; x_wconf 76' lang='grc' dir='ltr'><strong><em>παγκράτιον</em></strong></span> <span class='ocrx_word' id='word_1_142' title='bbox 691 2210 927 2300; x_wconf 78' lang='grc' dir='ltr'><strong><em>ἀγωνίζεσθαι,</em></strong></span> <span class='ocrx_word' id='word_1_143' title='bbox 952 2218 1060 2301; x_wconf 88' lang='lat' dir='ltr'><strong>eequis</strong></span> <span class='ocrx_word' id='word_1_144' title='bbox 1081 2237 1147 2282; x_wconf 94' lang='lat' dir='ltr'><strong>non</strong></span> <span class='ocrx_word' id='word_1_145' title='bbox 1166 2219 1301 2300; x_wconf 81' lang='lat' dir='ltr'><strong>probet?</strong></span> 
     </span>
    </p>

    <p class='ocr_par' dir='ltr' id='par_1_8' title="bbox 226 2320 1358 3750">
     <span class='ocr_line' id='line_1_19' title="bbox 315 2320 1355 2388; baseline 0.001 -3"><span class='ocrx_word' id='word_1_146' title='bbox 315 2320 354 2385; x_wconf 93' lang='lat' dir='ltr'><strong>In</strong></span> <span class='ocrx_word' id='word_1_147' title='bbox 381 2325 566 2385; x_wconf 87' lang='lat' dir='ltr'><strong>transcursu</strong></span> <span class='ocrx_word' id='word_1_148' title='bbox 594 2340 706 2385; x_wconf 91' lang='lat' dir='ltr'><strong>moneo</strong></span> <span class='ocrx_word' id='word_1_149' title='bbox 736 2341 800 2384; x_wconf 92' lang='lat' dir='ltr'><strong>non</strong></span> <span class='ocrx_word' id='word_1_150' title='bbox 829 2323 914 2385; x_wconf 90' lang='lat' dir='ltr'><strong>recte</strong></span> <span class='ocrx_word' id='word_1_151' title='bbox 945 2320 1089 2386; x_wconf 91' lang='lat' dir='ltr'><strong>additum</strong></span> <span class='ocrx_word' id='word_1_152' title='bbox 1114 2321 1215 2388; x_wconf 87' lang='lat' dir='ltr'><strong>videri</strong></span> <span class='ocrx_word' id='word_1_153' title='bbox 1244 2321 1355 2388; x_wconf 89' lang='lat' dir='ltr'><strong>eodem</strong></span> 
     </span>
     <span class='ocr_line' id='line_1_20' title="bbox 232 2417 1353 2512; baseline 0.001 -23"><span class='ocrx_word' id='word_1_154' title='bbox 232 2426 329 2490; x_wconf 90' lang='lat' dir='ltr'><strong>inciso</strong></span> <span class='ocrx_word' id='word_1_155' title='bbox 344 2425 476 2492; x_wconf 82' lang='lat' dir='ltr'><strong>uerbum</strong></span> <span class='ocrx_word' id='word_1_156' title='bbox 498 2425 589 2491; x_wconf 83' lang='grc' dir='ltr'><strong><em>δεῖν</em></strong></span> <span class='ocrx_word' id='word_1_157' title='bbox 607 2426 641 2488; x_wconf 93' lang='lat' dir='ltr'><strong>in</strong></span> <span class='ocrx_word' id='word_1_158' title='bbox 655 2425 760 2490; x_wconf 84' lang='lat' dir='ltr'><strong>verbis</strong></span> <span class='ocrx_word' id='word_1_159' title='bbox 777 2423 834 2488; x_wconf 85' lang='grc' dir='ltr'><strong><em>καί</em></strong></span> <span class='ocrx_word' id='word_1_160' title='bbox 857 2417 1103 2512; x_wconf 82' lang='grc' dir='ltr'><strong><em>δΠραξιτέλης</em></strong></span> <span class='ocrx_word' id='word_1_161' title='bbox 1122 2428 1227 2492; x_wconf 82' lang='grc' dir='ltr'><strong><em>ταῦτα</em></strong></span> <span class='ocrx_word' id='word_1_162' title='bbox 1251 2417 1353 2506; x_wconf 83' lang='grc' dir='ltr'><strong><em>εἶπεν,</em></strong></span> 
     </span>
     <span class='ocr_line' id='line_1_21' title="bbox 230 2521 1355 2619; baseline 0.003 -25"><span class='ocrx_word' id='word_1_163' title='bbox 230 2522 355 2614; x_wconf 78' lang='grc' dir='ltr'><strong><em>ι’ίδηλα·</em></strong></span> <span class='ocrx_word' id='word_1_164' title='bbox 378 2526 435 2594; x_wconf 83' lang='grc' dir='ltr'><strong><em>καί</em></strong></span> <span class='ocrx_word' id='word_1_165' title='bbox 456 2531 517 2594; x_wconf 85' lang='grc' dir='ltr'><strong>τοῦ</strong></span> <span class='ocrx_word' id='word_1_166' title='bbox 543 2527 680 2615; x_wconf 81' lang='grc' dir='ltr'><strong><em>Θησέως</em></strong></span> <span class='ocrx_word' id='word_1_167' title='bbox 702 2521 805 2592; x_wconf 79' lang='grc' dir='ltr'><strong><em>αδτοῦ</em></strong></span> <span class='ocrx_word' id='word_1_168' title='bbox 826 2524 1065 2594; x_wconf 85' lang='grc' dir='ltr'><strong><em>πυνθάνεσθαι</em></strong></span> <span class='ocrx_word' id='word_1_169' title='bbox 1082 2531 1175 2612; x_wconf 83' lang='grc' dir='ltr'><strong><em>[δεῖν]</em></strong></span> <span class='ocrx_word' id='word_1_170' title='bbox 1191 2527 1355 2619; x_wconf 78' lang='grc' dir='ltr'><strong><em>φήσουσιν</em></strong></span> 
     </span>
     <span class='ocr_line' id='line_1_22' title="bbox 235 2616 1355 2721; baseline 0.006 -28"><span class='ocrx_word' id='word_1_171' title='bbox 235 2616 330 2714; x_wconf 82' lang='grc' dir='ltr'><strong><em>ᾧτινι</em></strong></span> <span class='ocrx_word' id='word_1_172' title='bbox 353 2626 442 2715; x_wconf 75' lang='grc' dir='ltr'><strong><em>λόγῳ</em></strong></span> <span class='ocrx_word' id='word_1_173' title='bbox 464 2627 632 2714; x_wconf 80' lang='grc' dir='ltr'><strong><em>φοίνικος,</em></strong></span> <span class='ocrx_word' id='word_1_174' title='bbox 654 2622 724 2694; x_wconf 74' lang='grc' dir='ltr'><strong>οὐδ’</strong></span> <span class='ocrx_word' id='word_1_175' title='bbox 741 2627 858 2707; x_wconf 82' lang='grc' dir='ltr'><strong><em>ἐλαίας</em></strong></span> <span class='ocrx_word' id='word_1_176' title='bbox 880 2625 1003 2697; x_wconf 79' lang='grc' dir='ltr'><strong><em>κλάδον</em></strong></span> <span class='ocrx_word' id='word_1_177' title='bbox 1017 2625 1214 2700; x_wconf 78' lang='grc' dir='ltr'><strong><em>ἀπέσπασεν</em></strong></span> <span class='ocrx_word' id='word_1_178' title='bbox 1228 2629 1355 2721; x_wconf 69' lang='grc' dir='ltr'><strong><em>ἀγωνο-</em></strong></span> 
     </span>
     <span class='ocr_line' id='line_1_23' title="bbox 229 2734 1355 2820; baseline 0.006 -23"><span class='ocrx_word' id='word_1_179' title='bbox 229 2736 350 2813; x_wconf 88' lang='grc' dir='ltr'><strong><em>θετών,</em></strong></span> <span class='ocrx_word' id='word_1_180' title='bbox 375 2734 403 2799; x_wconf 90' lang='lat' dir='ltr'><strong>si</strong></span> <span class='ocrx_word' id='word_1_181' title='bbox 423 2734 495 2819; x_wconf 89' lang='lat' dir='ltr'><strong>quis</strong></span> <span class='ocrx_word' id='word_1_182' title='bbox 510 2735 698 2800; x_wconf 81' lang='lat' dir='ltr'><strong>recordatur</strong></span> <span class='ocrx_word' id='word_1_183' title='bbox 716 2755 825 2800; x_wconf 89' lang='lat' dir='ltr'><strong>eorum</strong></span> <span class='ocrx_word' id='word_1_184' title='bbox 846 2756 927 2820; x_wconf 90' lang='lat' dir='ltr'><strong>quae</strong></span> <span class='ocrx_word' id='word_1_185' title='bbox 943 2736 1119 2802; x_wconf 81' lang='lat' dir='ltr'><strong>Lobeclrius</strong></span> <span class='ocrx_word' id='word_1_186' title='bbox 1135 2736 1175 2804; x_wconf 88' lang='lat' dir='ltr'><strong>do</strong></span> <span class='ocrx_word' id='word_1_187' title='bbox 1188 2739 1355 2804; x_wconf 89' lang='lat' dir='ltr'><strong>omissione</strong></span> 
     </span>
     <span class='ocr_line' id='line_1_24' title="bbox 229 2838 1357 2927; baseline 0.004 -24"><span class='ocrx_word' id='word_1_188' title='bbox 229 2838 320 2904; x_wconf 82' lang='lat' dir='ltr'><strong>verbi</strong></span> <span class='ocrx_word' id='word_1_189' title='bbox 344 2839 413 2903; x_wconf 85' lang='grc' dir='ltr'><strong><em>δεῖν</em></strong></span> <span class='ocrx_word' id='word_1_190' title='bbox 436 2862 475 2905; x_wconf 85' lang='lat' dir='ltr'><strong>ex</strong></span> <span class='ocrx_word' id='word_1_191' title='bbox 494 2839 680 2923; x_wconf 90' lang='lat' dir='ltr'><strong>multiplicis</strong></span> <span class='ocrx_word' id='word_1_192' title='bbox 710 2840 855 2906; x_wconf 87' lang='lat' dir='ltr'><strong>lectionis</strong></span> <span class='ocrx_word' id='word_1_193' title='bbox 886 2841 987 2922; x_wconf 78' lang='lat' dir='ltr'><strong>copiIs</strong></span> <span class='ocrx_word' id='word_1_194' title='bbox 1017 2840 1130 2905; x_wconf 86' lang='lat' dir='ltr'><strong>libavit</strong></span> <span class='ocrx_word' id='word_1_195' title='bbox 1157 2842 1191 2906; x_wconf 90' lang='lat' dir='ltr'><strong>in</strong></span> <span class='ocrx_word' id='word_1_196' title='bbox 1212 2842 1357 2927; x_wconf 88' lang='lat' dir='ltr'><strong>Parergis</strong></span> 
     </span>
     <span class='ocr_line' id='line_1_25' title="bbox 229 2938 1356 3024; baseline 0.002 -19"><span class='ocrx_word' id='word_1_197' title='bbox 229 2940 271 3005; x_wconf 88' lang='lat' dir='ltr'><strong>ad</strong></span> <span class='ocrx_word' id='word_1_198' title='bbox 296 2940 414 3024; x_wconf 72' lang='lat' dir='ltr'><strong>Phryn.</strong></span> <span class='ocrx_word' id='word_1_199' title='bbox 442 2960 473 3022; x_wconf 79' lang='lat' dir='ltr'><strong>p,</strong></span> <span class='ocrx_word' id='word_1_200' title='bbox 501 2944 572 3008; x_wconf 82' lang='lat'><strong>753.</strong></span> <span class='ocrx_word' id='word_1_201' title='bbox 626 2940 709 3005; x_wconf 89' lang='lat' dir='ltr'><strong>Hine</strong></span> <span class='ocrx_word' id='word_1_202' title='bbox 738 2941 836 3006; x_wconf 87' lang='lat' dir='ltr'><strong>etiam</strong></span> <span class='ocrx_word' id='word_1_203' title='bbox 865 2938 951 3006; x_wconf 90' lang='lat' dir='ltr'><strong>idem</strong></span> <span class='ocrx_word' id='word_1_204' title='bbox 980 2940 1111 3005; x_wconf 78' lang='lat' dir='ltr'><strong>verbum</strong></span> <span class='ocrx_word' id='word_1_205' title='bbox 1138 2962 1158 3007; x_wconf 90' lang='lat' dir='ltr'><strong>a</strong></span> <span class='ocrx_word' id='word_1_206' title='bbox 1185 2941 1356 3008; x_wconf 82' lang='lat' dir='ltr'><strong>Plutarcho</strong></span> 
     </span>
     <span class='ocr_line' id='line_1_26' title="bbox 231 3041 1357 3129; baseline 0.004 -21"><span class='ocrx_word' id='word_1_207' title='bbox 231 3043 425 3127; x_wconf 85' lang='lat' dir='ltr'><strong>cogitatione</strong></span> <span class='ocrx_word' id='word_1_208' title='bbox 447 3041 698 3125; x_wconf 88' lang='lat' dir='ltr'><strong>conprehensum</strong></span> <span class='ocrx_word' id='word_1_209' title='bbox 727 3064 792 3108; x_wconf 90' lang='lat' dir='ltr'><strong>non</strong></span> <span class='ocrx_word' id='word_1_210' title='bbox 811 3042 930 3108; x_wconf 88' lang='lat' dir='ltr'><strong>litteris</strong></span> <span class='ocrx_word' id='word_1_211' title='bbox 954 3063 1138 3125; x_wconf 85' lang='lat' dir='ltr'><strong>expressum</strong></span> <span class='ocrx_word' id='word_1_212' title='bbox 1159 3047 1301 3129; x_wconf 88' lang='lat' dir='ltr'><strong>suspicor</strong></span> <span class='ocrx_word' id='word_1_213' title='bbox 1322 3046 1357 3111; x_wconf 92' lang='lat' dir='ltr'><strong>in</strong></span> 
     </span>
     <span class='ocr_line' id='line_1_27' title="bbox 228 3147 1357 3231; baseline 0.005 -19"><span class='ocrx_word' id='word_1_214' title='bbox 228 3148 299 3213; x_wconf 90' lang='lat' dir='ltr'><strong>loco</strong></span> <span class='ocrx_word' id='word_1_215' title='bbox 321 3168 417 3231; x_wconf 89' lang='lat' dir='ltr'><strong>quem</strong></span> <span class='ocrx_word' id='word_1_216' title='bbox 445 3168 510 3212; x_wconf 92' lang='lat' dir='ltr'><strong>non</strong></span> <span class='ocrx_word' id='word_1_217' title='bbox 539 3147 616 3212; x_wconf 86' lang='lat' dir='ltr'><strong>satis</strong></span> <span class='ocrx_word' id='word_1_218' title='bbox 644 3152 736 3214; x_wconf 86' lang='lat' dir='ltr'><strong>caute</strong></span> <span class='ocrx_word' id='word_1_219' title='bbox 766 3147 960 3231; x_wconf 87' lang='lat' dir='ltr'><strong>suspectavit</strong></span> <span class='ocrx_word' id='word_1_220' title='bbox 988 3148 1025 3212; x_wconf 87' lang='lat' dir='ltr'><strong>R.</strong></span> <span class='ocrx_word' id='word_1_221' title='bbox 1050 3148 1177 3215; x_wconf 86' lang='lat' dir='ltr'><strong>Franks</strong></span> <span class='ocrx_word' id='word_1_222' title='bbox 1206 3172 1294 3217; x_wconf 90' lang='lat' dir='ltr'><strong>meus</strong></span> <span class='ocrx_word' id='word_1_223' title='bbox 1321 3152 1357 3216; x_wconf 94' lang='lat' dir='ltr'><strong>in</strong></span> 
     </span>
     <span class='ocr_line' id='line_1_28' title="bbox 226 3244 1354 3332; baseline 0.002 -19"><span class='ocrx_word' id='word_1_224' title='bbox 226 3247 359 3313; x_wconf 89' lang='lat' dir='ltr'><strong>Misoell.</strong></span> <span class='ocrx_word' id='word_1_225' title='bbox 371 3247 489 3312; x_wconf 83' lang='lat' dir='ltr'><strong>criticis</strong></span> <span class='ocrx_word' id='word_1_226' title='bbox 507 3246 549 3312; x_wconf 90' lang='lat' dir='ltr'><strong>ad</strong></span> <span class='ocrx_word' id='word_1_227' title='bbox 561 3247 641 3312; x_wconf 87' lang='lat' dir='ltr'><strong>Plut</strong></span> <span class='ocrx_word' id='word_1_228' title='bbox 655 3245 760 3332; x_wconf 86' lang='lat' dir='ltr'><strong>Symp.</strong></span> <span class='ocrx_word' id='word_1_229' title='bbox 775 3268 806 3329; x_wconf 91' lang='lat' dir='ltr'><strong>p.</strong></span> <span class='ocrx_word' id='word_1_230' title='bbox 817 3250 879 3314; x_wconf 81' lang='lat'><strong>418</strong></span> <span class='ocrx_word' id='word_1_231' title='bbox 891 3245 963 3326; x_wconf 88' lang='lat' dir='ltr'><strong>VH,</strong></span> <span class='ocrx_word' id='word_1_232' title='bbox 979 3252 999 3312; x_wconf 80' lang='lat'><strong>2</strong></span> <span class='ocrx_word' id='word_1_233' title='bbox 1022 3251 1041 3313; x_wconf 82' lang='lat'><strong>3</strong></span> <span class='ocrx_word' id='word_1_234' title='bbox 1060 3268 1091 3331; x_wconf 86' lang='lat' dir='ltr'><strong>p.</strong></span> <span class='ocrx_word' id='word_1_235' title='bbox 1104 3253 1199 3316; x_wconf 87' lang='lat' dir='ltr'><strong>701a</strong></span> <span class='ocrx_word' id='word_1_236' title='bbox 1221 3244 1354 3315; x_wconf 79' lang='grc' dir='ltr'><strong><em>ἐκείνων</em></strong></span> 
     </span>
     <span class='ocr_line' id='line_1_29' title="bbox 230 3343 1356 3439; baseline 0 -22"><span class='ocrx_word' id='word_1_237' title='bbox 230 3346 265 3417; x_wconf 72' lang='grc' dir='ltr'><strong>δ’</strong></span> <span class='ocrx_word' id='word_1_238' title='bbox 288 3346 352 3418; x_wconf 80' lang='grc' dir='ltr'><strong>οὐκ</strong></span> <span class='ocrx_word' id='word_1_239' title='bbox 375 3343 415 3416; x_wconf 73' lang='lat' dir='ltr'><strong>dv</strong></span> <span class='ocrx_word' id='word_1_240' title='bbox 431 3375 505 3417; x_wconf 91' lang='grc' dir='ltr'><strong><em>τινα</em></strong></span> <span class='ocrx_word' id='word_1_241' title='bbox 519 3354 575 3437; x_wconf 85' lang='grc' dir='ltr'><strong><em>τῆς</em></strong></span> <span class='ocrx_word' id='word_1_242' title='bbox 597 3347 707 3429; x_wconf 79' lang='grc' dir='ltr'><strong><em>αἰτίας</em></strong></span> <span class='ocrx_word' id='word_1_243' title='bbox 729 3344 775 3428; x_wconf 86' lang='grc' dir='ltr'><strong><em>ώς</em></strong></span> <span class='ocrx_word' id='word_1_244' title='bbox 791 3343 942 3436; x_wconf 83' lang='grc' dir='ltr'><strong><em>δίληπτον</em></strong></span> <span class='ocrx_word' id='word_1_245' title='bbox 957 3349 1129 3439; x_wconf 89' lang='grc' dir='ltr'><strong><em>προέσθαι</em></strong></span> <span class='ocrx_word' id='word_1_246' title='bbox 1143 3348 1202 3437; x_wconf 79' lang='grc' dir='ltr'><strong>τὴν</strong></span> <span class='ocrx_word' id='word_1_247' title='bbox 1225 3348 1356 3437; x_wconf 80' lang='grc' dir='ltr'><strong><em>ζήτησιν</em></strong></span> 
     </span>
     <span class='ocr_line' id='line_1_30' title="bbox 229 3447 1358 3544; baseline -0.002 -21"><span class='ocrx_word' id='word_1_248' title='bbox 229 3448 366 3544; x_wconf 70' lang='grc' dir='ltr'><strong><em>(ᾤετο),</em></strong></span> <span class='ocrx_word' id='word_1_249' title='bbox 388 3455 444 3521; x_wconf 90' lang='lat' dir='ltr'><strong>ubi</strong></span> <span class='ocrx_word' id='word_1_250' title='bbox 465 3455 550 3541; x_wconf 92' lang='lat' dir='ltr'><strong>quod</strong></span> <span class='ocrx_word' id='word_1_251' title='bbox 568 3477 627 3538; x_wconf 92' lang='lat' dir='ltr'><strong>pro</strong></span> <span class='ocrx_word' id='word_1_252' title='bbox 650 3447 710 3520; x_wconf 78' lang='grc' dir='ltr'><strong>οὐκ</strong></span> <span class='ocrx_word' id='word_1_253' title='bbox 731 3447 771 3521; x_wconf 69' lang='lat' dir='ltr'><strong>dv</strong></span> <span class='ocrx_word' id='word_1_254' title='bbox 787 3479 867 3536; x_wconf 39' lang='grc' dir='ltr'><strong><em>τινα,</em></strong></span> <span class='ocrx_word' id='word_1_255' title='bbox 877 3454 1005 3537; x_wconf 83' lang='lat' dir='ltr'><strong>scripsit</strong></span> <span class='ocrx_word' id='word_1_256' title='bbox 1021 3447 1060 3519; x_wconf 80' lang='lat' dir='ltr'><strong>od</strong></span> <span class='ocrx_word' id='word_1_257' title='bbox 1076 3455 1143 3521; x_wconf 86' lang='grc' dir='ltr'><strong><em>δεῖν</em></strong></span> <span class='ocrx_word' id='word_1_258' title='bbox 1159 3479 1234 3521; x_wconf 87' lang='grc' dir='ltr'><strong><em>τινα</em></strong></span> <span class='ocrx_word' id='word_1_259' title='bbox 1248 3476 1358 3523; x_wconf 84' lang='lat' dir='ltr'><strong>vereor</strong></span> 
     </span>
     <span class='ocr_line' id='line_1_31' title="bbox 231 3556 1357 3645; baseline -0.001 -18"><span class='ocrx_word' id='word_1_260' title='bbox 231 3585 274 3629; x_wconf 91' lang='lat' dir='ltr'><strong>ne</strong></span> <span class='ocrx_word' id='word_1_261' title='bbox 303 3582 369 3626; x_wconf 93' lang='lat' dir='ltr'><strong>non</strong></span> <span class='ocrx_word' id='word_1_262' title='bbox 396 3565 482 3626; x_wconf 87' lang='lat' dir='ltr'><strong>recte</strong></span> <span class='ocrx_word' id='word_1_263' title='bbox 511 3559 685 3642; x_wconf 89' lang='lat' dir='ltr'><strong>repositum</strong></span> <span class='ocrx_word' id='word_1_264' title='bbox 714 3559 764 3623; x_wconf 89' lang='lat' dir='ltr'><strong>sit.</strong></span> <span class='ocrx_word' id='word_1_265' title='bbox 789 3558 850 3623; x_wconf 77' lang='lat' dir='ltr'><strong>cfr.</strong></span> <span class='ocrx_word' id='word_1_266' title='bbox 872 3556 1032 3623; x_wconf 85' lang='lat' dir='ltr'><strong>Heindorf</strong></span> <span class='ocrx_word' id='word_1_267' title='bbox 1058 3556 1099 3622; x_wconf 87' lang='lat' dir='ltr'><strong>ad</strong></span> <span class='ocrx_word' id='word_1_268' title='bbox 1127 3558 1206 3625; x_wconf 85' lang='lat' dir='ltr'><strong>Plat.</strong></span> <span class='ocrx_word' id='word_1_269' title='bbox 1233 3559 1357 3645; x_wconf 84' lang='lat' dir='ltr'><strong>Protag.</strong></span> 
     </span>
     <span class='ocr_line' id='line_1_32' title="bbox 229 3661 1285 3750; baseline -0.003 -17"><span class='ocrx_word' id='word_1_270' title='bbox 229 3688 262 3750; x_wconf 91' lang='lat' dir='ltr'><strong>p.</strong></span> <span class='ocrx_word' id='word_1_271' title='bbox 285 3671 364 3744; x_wconf 81' lang='lat'><strong>595,</strong></span> <span class='ocrx_word' id='word_1_272' title='bbox 385 3686 481 3749; x_wconf 89' lang='lat' dir='ltr'><strong>quem</strong></span> <span class='ocrx_word' id='word_1_273' title='bbox 502 3664 661 3749; x_wconf 84' lang='lat' dir='ltr'><strong>adlegavit</strong></span> <span class='ocrx_word' id='word_1_274' title='bbox 677 3663 782 3729; x_wconf 87' lang='lat' dir='ltr'><strong>Baehr</strong></span> <span class='ocrx_word' id='word_1_275' title='bbox 804 3662 845 3727; x_wconf 89' lang='lat' dir='ltr'><strong>ad</strong></span> <span class='ocrx_word' id='word_1_276' title='bbox 866 3662 948 3729; x_wconf 90' lang='lat' dir='ltr'><strong>Plut.</strong></span> <span class='ocrx_word' id='word_1_277' title='bbox 968 3661 1160 3744; x_wconf 90' lang='lat' dir='ltr'><strong>Philopoem.</strong></span> <span class='ocrx_word' id='word_1_278' title='bbox 1182 3683 1212 3746; x_wconf 91' lang='lat' dir='ltr'><strong>p.</strong></span> <span class='ocrx_word' id='word_1_279' title='bbox 1239 3670 1285 3732; x_wconf 77' lang='lat'><strong>16.</strong></span> 
     </span>
    </p>

    <p class='ocr_par' dir='ltr' id='par_1_9' title="bbox 223 3766 1358 4275">
     <span class='ocr_line' id='line_1_33' title="bbox 318 3766 1358 3851; baseline 0.004 -18"><span class='ocrx_word' id='word_1_280' title='bbox 318 3770 425 3834; x_wconf 85' lang='lat' dir='ltr'><strong>Minus</strong></span> <span class='ocrx_word' id='word_1_281' title='bbox 451 3768 635 3851; x_wconf 84' lang='lat' dir='ltr'><strong>suspitionis</strong></span> <span class='ocrx_word' id='word_1_282' title='bbox 660 3767 759 3833; x_wconf 87' lang='lat' dir='ltr'><strong>habet</strong></span> <span class='ocrx_word' id='word_1_283' title='bbox 778 3766 861 3833; x_wconf 88' lang='lat' dir='ltr'><strong>alius</strong></span> <span class='ocrx_word' id='word_1_284' title='bbox 880 3768 968 3847; x_wconf 85' lang='lat' dir='ltr'><strong>locus</strong></span> <span class='ocrx_word' id='word_1_285' title='bbox 988 3766 1066 3845; x_wconf 90' lang='lat' dir='ltr'>VII,</span> <span class='ocrx_word' id='word_1_286' title='bbox 1092 3773 1142 3845; x_wconf 88' lang='lat'><strong>10,</strong></span> <span class='ocrx_word' id='word_1_287' title='bbox 1164 3772 1183 3833; x_wconf 80' lang='lat'><strong>2</strong></span> <span class='ocrx_word' id='word_1_288' title='bbox 1205 3789 1235 3851; x_wconf 87' lang='lat' dir='ltr'><strong>p.</strong></span> <span class='ocrx_word' id='word_1_289' title='bbox 1258 3774 1358 3849; x_wconf 79' lang='lat' dir='ltr'><strong>lida,</strong></span> 
     </span>
     <span class='ocr_line' id='line_1_34' title="bbox 226 3866 1358 3961; baseline 0.002 -23"><span class='ocrx_word' id='word_1_290' title='bbox 226 3867 304 3939; x_wconf 78' lang='grc' dir='ltr'><strong><em>ἀλλ’</em></strong></span> <span class='ocrx_word' id='word_1_291' title='bbox 333 3869 449 3960; x_wconf 89' lang='grc' dir='ltr'><strong><em>ώσπερ</em></strong></span> <span class='ocrx_word' id='word_1_292' title='bbox 477 3871 519 3937; x_wconf 83' lang='grc' dir='ltr'><strong>τὰ</strong></span> <span class='ocrx_word' id='word_1_293' title='bbox 552 3874 687 3960; x_wconf 87' lang='grc' dir='ltr'><strong><em>κουρεῖα</em></strong></span> <span class='ocrx_word' id='word_1_294' title='bbox 722 3867 943 3961; x_wconf 85' lang='grc' dir='ltr'><strong><em>Θεόφραστος</em></strong></span> <span class='ocrx_word' id='word_1_295' title='bbox 971 3866 1088 3937; x_wconf 82' lang='grc' dir='ltr'><strong><em>εἰώθει</em></strong></span> <span class='ocrx_word' id='word_1_296' title='bbox 1118 3872 1230 3941; x_wconf 88' lang='grc' dir='ltr'><strong><em>καλεῖν</em></strong></span> <span class='ocrx_word' id='word_1_297' title='bbox 1260 3866 1358 3942; x_wconf 74' lang='lat' dir='ltr'><strong>diotae</strong></span> 
     </span>
     <span class='ocr_line' id='line_1_35' title="bbox 225 3968 1357 4060; baseline -0.001 -20"><span class='ocrx_word' id='word_1_298' title='bbox 225 3970 407 4058; x_wconf 89' lang='grc' dir='ltr'><strong><em>συμπόσια</em></strong></span> <span class='ocrx_word' id='word_1_299' title='bbox 437 3973 509 4038; x_wconf 83' lang='grc' dir='ltr'><strong><em>διὰ</em></strong></span> <span class='ocrx_word' id='word_1_300' title='bbox 539 3973 611 4060; x_wconf 76' lang='grc' dir='ltr'><strong>τὴν</strong></span> <span class='ocrx_word' id='word_1_301' title='bbox 637 3968 739 4038; x_wconf 87' lang='grc' dir='ltr'><strong><em>λαλί</em></strong></span> <span class='ocrx_word' id='word_1_302' title='bbox 747 3996 793 4037; x_wconf 90' lang='grc' dir='ltr'><strong>αν</strong></span> <span class='ocrx_word' id='word_1_303' title='bbox 817 3973 908 4054; x_wconf 75' lang='lat' dir='ltr'><strong>(haec</strong></span> <span class='ocrx_word' id='word_1_304' title='bbox 930 3973 994 4039; x_wconf 86' lang='lat' dir='ltr'><strong>t1ia</strong></span> <span class='ocrx_word' id='word_1_305' title='bbox 1014 3973 1114 4040; x_wconf 88' lang='lat' dir='ltr'><strong>verba</strong></span> <span class='ocrx_word' id='word_1_306' title='bbox 1134 3996 1152 4040; x_wconf 87' lang='lat' dir='ltr'><strong>e</strong></span> <span class='ocrx_word' id='word_1_307' title='bbox 1174 3974 1241 4041; x_wconf 90' lang='lat' dir='ltr'><strong>cod.</strong></span> <span class='ocrx_word' id='word_1_308' title='bbox 1263 3974 1357 4041; x_wconf 85' lang='lat' dir='ltr'><strong>Vind.</strong></span> 
     </span>
     <span class='ocr_line' id='line_1_36' title="bbox 223 4070 1358 4169; baseline -0.004 -22"><span class='ocrx_word' id='word_1_309' title='bbox 223 4078 425 4147; x_wconf 73' lang='lat' dir='ltr'><strong>adsumenda</strong></span> <span class='ocrx_word' id='word_1_310' title='bbox 440 4080 545 4165; x_wconf 86' lang='lat' dir='ltr'><strong>puto),</strong></span> <span class='ocrx_word' id='word_1_311' title='bbox 568 4074 673 4156; x_wconf 74' lang='grc' dir='ltr'><strong><em>οὕτως</em></strong></span> <span class='ocrx_word' id='word_1_312' title='bbox 690 4070 805 4156; x_wconf 80' lang='grc' dir='ltr'><strong><em>ίίοινος</em></strong></span> <span class='ocrx_word' id='word_1_313' title='bbox 820 4073 873 4144; x_wconf 77' lang='lat' dir='ltr'><strong>cisi</strong></span> <span class='ocrx_word' id='word_1_314' title='bbox 893 4077 984 4166; x_wconf 88' lang='grc' dir='ltr'><strong><em>μέθη</em></strong></span> <span class='ocrx_word' id='word_1_315' title='bbox 1003 4078 1060 4145; x_wconf 83' lang='grc' dir='ltr'><strong><em>καί</em></strong></span> <span class='ocrx_word' id='word_1_316' title='bbox 1075 4077 1260 4169; x_wconf 70' lang='grc' dir='ltr'><strong><em>σκυθρωπὴ</em></strong></span> <span class='ocrx_word' id='word_1_317' title='bbox 1283 4082 1358 4157; x_wconf 87' lang='grc' dir='ltr'><strong><em>ταῖς</em></strong></span> 
     </span>
     <span class='ocr_line' id='line_1_37' title="bbox 224 4179 1356 4275; baseline 0.002 -26"><span class='ocrx_word' id='word_1_318' title='bbox 224 4188 296 4250; x_wconf 84' lang='grc' dir='ltr'><strong><em>ταῖν</em></strong></span> <span class='ocrx_word' id='word_1_319' title='bbox 328 4179 540 4249; x_wconf 75' lang='grc' dir='ltr'><strong><em>ἀπαιδεύτων</em></strong></span> <span class='ocrx_word' id='word_1_320' title='bbox 572 4182 695 4250; x_wconf 75' lang='grc' dir='ltr'><strong><em>ἐνοικεῖ</em></strong></span> <span class='ocrx_word' id='word_1_321' title='bbox 721 4189 861 4275; x_wconf 82' lang='grc' dir='ltr'><strong><em>ψυχαῖς,</em></strong></span> <span class='ocrx_word' id='word_1_322' title='bbox 896 4184 1267 4275; x_wconf 82' lang='grc' dir='ltr'><strong><em>ἐπιταραττομένη</em></strong></span> <span class='ocrx_word' id='word_1_323' title='bbox 1299 4180 1356 4253; x_wconf 75' lang='grc' dir='ltr'><strong><em>ὑπ’</em></strong></span> 
     </span>
    </p>
   </div>
   <div class='ocr_carea' id='block_1_7' title="bbox 222 4282 1361 4789">
    <p class='ocr_par' dir='ltr' id='par_1_10' title="bbox 222 4282 1361 4789">
     <span class='ocr_line' id='line_1_38' title="bbox 226 4282 1356 4379; baseline -0.002 -23"><span class='ocrx_word' id='word_1_324' title='bbox 226 4284 334 4379; x_wconf 77' lang='grc' dir='ltr'><strong><em>ὀργῆς</em></strong></span> <span class='ocrx_word' id='word_1_325' title='bbox 358 4312 448 4366; x_wconf 88' lang='grc' dir='ltr'><strong><em>τινας</em></strong></span> <span class='ocrx_word' id='word_1_326' title='bbox 468 4282 491 4374; x_wconf 80' lang='grc' dir='ltr'>ἢ</span> <span class='ocrx_word' id='word_1_327' title='bbox 512 4285 708 4372; x_wconf 87' lang='grc' dir='ltr'><strong><em>δυσμενείας</em></strong></span> <span class='ocrx_word' id='word_1_328' title='bbox 729 4287 798 4352; x_wconf 88' lang='grc' dir='ltr'><strong><em>κτλ.</em></strong></span> <span class='ocrx_word' id='word_1_329' title='bbox 851 4289 890 4354; x_wconf 95' lang='lat' dir='ltr'><strong>In</strong></span> <span class='ocrx_word' id='word_1_330' title='bbox 911 4290 962 4355; x_wconf 91' lang='lat' dir='ltr'><strong>his</strong></span> <span class='ocrx_word' id='word_1_331' title='bbox 984 4289 1034 4355; x_wconf 77' lang='lat' dir='ltr'><strong>vel</strong></span> <span class='ocrx_word' id='word_1_332' title='bbox 1053 4288 1157 4371; x_wconf 89' lang='lat' dir='ltr'><strong>prima</strong></span> <span class='ocrx_word' id='word_1_333' title='bbox 1176 4286 1280 4356; x_wconf 86' lang='lat' dir='ltr'><strong>fronte</strong></span> <span class='ocrx_word' id='word_1_334' title='bbox 1301 4288 1356 4355; x_wconf 89' lang='lat' dir='ltr'><strong>ad-</strong></span> 
     </span>
     <span class='ocr_line' id='line_1_39' title="bbox 223 4396 1361 4479; baseline 0.002 -18"><span class='ocrx_word' id='word_1_335' title='bbox 223 4402 325 4479; x_wconf 90' lang='lat' dir='ltr'><strong>paret</strong></span> <span class='ocrx_word' id='word_1_336' title='bbox 353 4398 518 4461; x_wconf 69' lang='grc' dir='ltr'><strong><em>αδνῖιιοίιυι</em></strong></span> <span class='ocrx_word' id='word_1_337' title='bbox 547 4400 697 4460; x_wconf 80' lang='grc' dir='ltr'><strong><em>Ιισνοῖιικαι</em></strong></span> <span class='ocrx_word' id='word_1_338' title='bbox 724 4397 939 4460; x_wconf 79' lang='grc' dir='ltr'><strong><em>ῖοανιδῖίανιινα</em></strong></span> <span class='ocrx_word' id='word_1_339' title='bbox 971 4400 1034 4459; x_wconf 72' lang='lat' dir='ltr'><strong>odai</strong></span> <span class='ocrx_word' id='word_1_340' title='bbox 1061 4399 1209 4477; x_wconf 61' lang='lat' dir='ltr'><strong>erponem</strong></span> <span class='ocrx_word' id='word_1_341' title='bbox 1243 4396 1361 4463; x_wconf 84' lang='lat' dir='ltr'><strong>rationi</strong></span> 
     </span>
     <span class='ocr_line' id='line_1_40' title="bbox 222 4493 1359 4581; baseline 0 -17"><span class='ocrx_word' id='word_1_342' title='bbox 222 4519 346 4581; x_wconf 89' lang='lat' dir='ltr'><strong>parum</strong></span> <span class='ocrx_word' id='word_1_343' title='bbox 360 4498 584 4565; x_wconf 87' lang='lat' dir='ltr'><strong>convenienter</strong></span> <span class='ocrx_word' id='word_1_344' title='bbox 600 4496 664 4561; x_wconf 90' lang='lat' dir='ltr'><strong>dici</strong></span> <span class='ocrx_word' id='word_1_345' title='bbox 678 4497 861 4579; x_wconf 77' lang='lat' dir='ltr'><strong>pertiubari</strong></span> <span class='ocrx_word' id='word_1_346' title='bbox 875 4497 924 4562; x_wconf 89' lang='lat' dir='ltr'><strong>ira</strong></span> <span class='ocrx_word' id='word_1_347' title='bbox 939 4500 995 4563; x_wconf 87' lang='lat' dir='ltr'><strong>aut</strong></span> <span class='ocrx_word' id='word_1_348' title='bbox 1009 4493 1246 4580; x_wconf 76' lang='lat' dir='ltr'><strong>malevolentia3</strong></span> <span class='ocrx_word' id='word_1_349' title='bbox 1262 4500 1359 4564; x_wconf 88' lang='lat' dir='ltr'><strong>imm0</strong></span> 
     </span>
     <span class='ocr_line' id='line_1_41' title="bbox 222 4593 1359 4688; baseline 0.002 -23"><span class='ocrx_word' id='word_1_350' title='bbox 222 4599 475 4688; x_wconf 83' lang='lat' dir='ltr'><strong>significandum</strong></span> <span class='ocrx_word' id='word_1_351' title='bbox 496 4607 567 4668; x_wconf 86' lang='lat' dir='ltr'><strong>erat</strong></span> <span class='ocrx_word' id='word_1_352' title='bbox 587 4600 774 4668; x_wconf 88' lang='lat' dir='ltr'><strong>ebrietatem</strong></span> <span class='ocrx_word' id='word_1_353' title='bbox 793 4601 889 4666; x_wconf 87' lang='lat' dir='ltr'><strong>istam</strong></span> <span class='ocrx_word' id='word_1_354' title='bbox 912 4593 1037 4676; x_wconf 76' lang='grc' dir='ltr'><strong><em>ἄοινον,</em></strong></span> <span class='ocrx_word' id='word_1_355' title='bbox 1059 4620 1155 4683; x_wconf 89' lang='lat' dir='ltr'><strong>quam</strong></span> <span class='ocrx_word' id='word_1_356' title='bbox 1170 4603 1359 4668; x_wconf 85' lang='lat' dir='ltr'><strong>nostratium</strong></span> 
     </span>
     <span class='ocr_line' id='line_1_42' title="bbox 222 4699 1360 4789; baseline 0.004 -20"><span class='ocrx_word' id='word_1_357' title='bbox 222 4702 395 4789; x_wconf 87' lang='lat' dir='ltr'><strong>quispiam</strong></span> <span class='ocrx_word' id='word_1_358' title='bbox 423 4699 550 4782; x_wconf 85' lang='lat' dir='ltr'><strong>dixerit</strong></span> <span class='ocrx_word' id='word_1_359' title='bbox 573 4707 724 4783; x_wconf 80' lang='grc' dir='ltr'><strong><em>νυονοῖινα,</em></strong></span> <span class='ocrx_word' id='word_1_360' title='bbox 760 4702 872 4769; x_wconf 86' lang='lat' dir='ltr'><strong>cadere</strong></span> <span class='ocrx_word' id='word_1_361' title='bbox 904 4701 940 4767; x_wconf 90' lang='lat' dir='ltr'><strong>iu</strong></span> <span class='ocrx_word' id='word_1_362' title='bbox 968 4700 1090 4769; x_wconf 85' lang='lat' dir='ltr'><strong>animos</strong></span> <span class='ocrx_word' id='word_1_363' title='bbox 1122 4704 1360 4788; x_wconf 84' lang='lat' dir='ltr'><strong>ineruditorum,</strong></span> 
     </span>
    </p>
   </div>
   <div class='ocr_carea' id='block_1_8' title="bbox 0 0 1854 5625">
    <p class='ocr_par' dir='ltr' id='par_1_11' title="bbox 0 0 1854 5625">
     <span class='ocr_line' id='line_1_43' title="bbox 0 0 1854 5625; baseline 0 4"><span class='ocrx_word' id='word_1_364' title='bbox 0 0 1854 5625; x_wconf 95' lang='lat' dir='ltr'><strong> </strong></span> 
     </span>
    </p>
   </div>
  </div>
 </body>
</html>
