3700 5625
917 671 1130 736 ...92-

457 828 521 915 μὸς
543 825 732 915 αὐτόματος
754 832 907 902 έπελθιίν
930 829 1017 924 ίίρσγγ
1045 833 1105 916 τὰς
1124 829 1285 926 ἀρούρας,
1314 826 1420 923 ίίρσας
1442 832 1478 898 δέ
1497 826 1588 898 druo-

457 930 560 1022 λείπῃ
575 926 696 1016 ὀπίσω,
710 931 805 1001 τότε
827 933 1013 1025 σπείρας
1036 933 1109 1001 έκα
1121 933 1290 1023 στοςτὴν
1302 929 1428 1001 ἑωυτοῦ
1444 925 1590 1021 ίίρουραν

458 1033 667 1122 ἐσβάλλει
688 1039 731 1119 ές
753 1034 887 1128 αὐτὴν
905 1030 952 1119 ὗς
975 1046 1008 1108 et
1028 1040 1152 1106 Eudoxi
1173 1040 1258 1123 apud
1273 1040 1340 1106 Ael.
1362 1039 1392 1105 d.
1408 1062 1438 1104 n.
1453 1061 1480 1106 a.
1495 1038 1536 1117 X,
1553 1042 1589 1104 ld

461 1135 609 1222 Είίιλοξος
629 1142 667 1210 δέ
689 1165 772 1232 φησι
795 1145 1016 1232 φειδομένους
1038 1141 1115 1222 τούς
1129 1139 1342 1231 Αἰγυπτίους
1362 1145 1429 1209 τῶν
1450 1135 1517 1208 ὑῶν
1538 1139 1583 1227 μὴ

457 1241 677 1326 θύειναῦτοίς,
697 1246 791 1315 ε’πεί
813 1251 888 1316 τοῦ
909 1247 1004 1316 σίτου
1021 1243 1259 1337 σπαρέντος
1281 1245 1588 1336 έποίγουσιτὰς

459 1343 610 1437 οίγέλας
640 1344 786 1417 οὔτῶν·
817 1349 853 1418 αλ
882 1353 918 1420 δέ
950 1355 1095 1420 πατοῦσι
1117 1351 1173 1419 τὸν
1194 1351 1299 1442 πυρὸν
1322 1353 1379 1419 καί
1401 1351 1448 1430 είς
1476 1347 1580 1439 ὑγρὰν

342 1531 346 1538 ¹
464 1448 523 1537 τὴν
537 1453 596 1537 γῆν
617 1443 776 1533 ὠθοῦσιν,
798 1449 853 1518 ίνα
867 1449 964 1542 μείνῃ
984 1449 1100 1537 έμβιος
1119 1451 1175 1518 καί
1195 1450 1240 1538 μὴ
1262 1445 1329 1518 ὑπὸ
1351 1453 1414 1517 τῶν
1437 1446 1585 1540 ὀρνίθων

456 1553 618 1646 ἀναλωθῇ
635 1564 668 1625 et
688 1561 849 1627 novissimi
876 1562 966 1628 testis
989 1561 1121 1628 Diodori
1143 1561 1173 1640 I,
1195 1567 1251 1640 36,
1275 1567 1294 1628 4
1317 1554 1470 1625 καθόλου
1493 1557 1536 1622 dd
1555 1551 1588 1637 (ὁ

457 1660 595 1746 Νεῖλος)
617 1660 780 1750 τοσαύτην
799 1668 871 1744 τοῖς
891 1664 952 1744 μέν
975 1660 1084 1754 ἔργοις
1107 1657 1267 1730 εὐκοπίαν
1291 1662 1491 1750 παρέχεται,
1516 1662 1587 1736 τοῖς

458 1759 487 1830 δ’
520 1759 717 1855 ἀνθρώποις
744 1769 965 1848 λυσιτέλειαν,
1004 1763 1090 1834 dione
1120 1765 1198 1844 τοὺς
1224 1765 1284 1850 μέν
1316 1760 1494 1842 πλείστους
1522 1765 1586 1828 τῶν

457 1866 608 1951 γεωργῶν
626 1868 698 1943 τοῖς
719 1859 1036 1954 ἀναξηραινομένοις
1057 1865 1113 1952 τῆς
1129 1866 1186 1951 γῆς
1204 1857 1324 1941 τόποις
1342 1859 1587 1949 ἐφισταμένους

458 1968 515 2034 καί
536 1966 574 2035 τὸ
596 1971 730 2059 σπέρμα
745 1970 932 2055 βάλλοντας
954 1966 1128 2058 ἐπάγειν
1151 1966 1199 2033 τὰ
1221 1962 1493 2053 βοσκήματα,
1518 1962 1587 2029 καὶ

457 2066 626 2148 τούτοις
643 2067 1002 2158 συμπατήσαντας
1022 2071 1101 2148 κιλ,
1121 2069 1298 2154 quamlibet
1313 2067 1450 2132 uirides
1464 2066 1588 2132 uarian-

457 2175 499 2240 tis
515 2173 677 2259 paulisper
690 2176 725 2240 in
739 2176 898 2241 mentione
914 2196 1021 2253 suum,
1044 2194 1125 2257 quae
1140 2176 1175 2238 in
1189 2175 1250 2240 hac
1263 2171 1395 2258 quidem
1406 2173 1591 2238 narratione

457 2282 600 2366 permira
627 2283 657 2348 ei
685 2283 853 2350 videbatur
873 2280 960 2347 haud
981 2281 1077 2348 dubie
1099 2286 1131 2348 et
1150 2281 1320 2364 suspitiosa
1340 2278 1473 2363 perinde
1495 2283 1590 2362 atque

458 2388 539 2455 aliis,
561 2388 621 2466 Qui
635 2410 706 2453 oum
723 2409 801 2467 sues,
818 2388 903 2472 quod
912 2387 995 2452 ratio
1010 2387 1081 2470 ipsa
1099 2386 1271 2464 evincebat
1286 2385 1401 2450 merito
1418 2389 1450 2450 et
1461 2385 1588 2448 nomine

457 2493 490 2554 et
509 2510 545 2554 re
565 2490 629 2553 sint
648 2487 843 2572 λυμαντικοί
861 2491 932 2553 τοῖν
952 2491 1050 2554 θεοῖν
1072 2484 1276 2575 δωριγμοίιων
1302 2484 1414 2567 (Schol.
1429 2483 1590 2567 Aristoph.

459 2597 538 2661 Ren
554 2599 638 2674 338),
657 2595 920 2678 quemadmodum
943 2594 1029 2676 apud
1050 2594 1243 2660 Clementem
1265 2591 1354 2660 Alex.
1377 2589 1492 2656 Strom.
1517 2589 1588 2668 VII,

460 2707 490 2779 6,
506 2705 547 2768 33
563 2720 593 2783 p.
610 2703 672 2767 849
679 2701 720 2779 P,
742 2699 820 2766 licet
839 2699 887 2766 ibi
907 2699 1114 2766 disserentem
1127 2699 1167 2764 de
1181 2697 1321 2777 Iudaeis,
1342 2698 1459 2782 legitur
1483 2691 1588 2783 ταύτῃ

458 2802 515 2871 καί
533 2801 679 2890 μάλιστα
691 2799 847 2872 Ἰουδαῖοι
866 2803 1015 2894 χοιρείου
1040 2797 1231 2887 ἀπέχονται,
1255 2797 1301 2881 ὦς
1324 2795 1364 2869 ib
1377 2804 1437 2869 τοῦ
1456 2799 1584 2891 θηρίου

459 2911 579 2981 τούτου
599 2916 726 3003 μιαροῦ
747 2905 856 2993 ίίντος,
880 2912 956 2979 ἐπεὶ
976 2910 1122 2995 μάλιστα
1138 2914 1201 2976 τῶν
1217 2904 1326 2975 ἶν’λλων
1343 2910 1421 2987 τοὺς
1437 2908 1591 2999 καρποὺς

459 3014 634 3106 ἅνορύοσει
659 3016 716 3083 καί
737 3014 878 3104 φθείρει
905 3017 971 3098 (cfr.
993 3018 1117 3082 Movere
1137 3015 1253 3081 Phoen.
1276 3019 1292 3079 1
1314 3036 1344 3097 p.
1366 3018 1450 3099 221),
1472 3015 1591 3080 rectius

458 3122 546 3188 haud
566 3122 661 3187 dubie
682 3122 793 3188 fecisse
812 3123 873 3187 sibi
893 3122 1142 3190 informaverant
1156 3121 1384 3205 Triptolemum
1405 3121 1449 3187 ad
1466 3120 1590 3187 Cereris

457 3248 546 3317 aram
561 3247 650 3291 suem
670 3230 873 3305 mactantem,
896 3248 963 3290 ιιικι
979 3230 1054 3310 quod
1076 3233 1184 3294 εουεναί
1205 3228 1364 3307 finisse,
1390 3246 1487 3309 quam
1504 3224 1588 3310 quod

457 3330 622 3417 Aegyptiis
644 3352 702 3395 usu
717 3327 848 3396 venisse
861 3335 1079 3412 reppererunt.
1116 3331 1215 3415 Atqui
1231 3332 1323 3414 paria
1340 3330 1442 3399 tradit
1456 3330 1587 3408 Plinius,

457 3439 580 3524 graeds
595 3437 680 3506 haud
695 3436 789 3502 dubie
803 3458 878 3501 usus
893 3436 1087 3515 auctoribus
1108 3437 1139 3502 h.
1152 3459 1182 3501 n.
1194 3436 1313 3516 XVIII,
1333 3438 1379 3515 18,
1394 3440 1472 3503 168:
1496 3436 1588 3520 uolgo

458 3538 647 3603 credebatur
678 3558 698 3603 a
730 3536 859 3603 decessu
886 3536 953 3601 ruli
981 3558 1085 3603 serere
1122 3536 1230 3603 solitos
1258 3560 1327 3603 κνοω
1356 3560 1422 3603 sues
1450 3542 1589 3623 inpellere

456 3644 588 3721 oestipir's
607 3643 718 3703 semino
738 3641 928 3723 deprimentis
950 3646 982 3703 ιό
1003 3642 1118 3704 madido
1138 3642 1213 3717 soca
1241 3644 1273 3706 ct
1294 3639 1388 3705 credo
1410 3640 1589 3725 antiquitus

459 3740 650 3818 factitatum,
687 3764 771 3807 nuno
799 3764 922 3826 quoque
952 3764 1016 3807 non
1040 3742 1139 3807 multo
1167 3743 1310 3827 graviore
1340 3764 1445 3825 opera.
1501 3744 1588 3822 Quae

459 3840 588 3926 quidem
608 3840 791 3907 testimonia
819 3844 899 3910 adeo
927 3844 1012 3911 inter
1034 3866 1067 3913 se
1086 3846 1271 3925 concinunt,
1301 3849 1338 3911 ut
1359 3847 1437 3931 quin
1459 3868 1500 3913 ex
1521 3870 1585 3913 uno

457 3946 630 4028 eodemque
652 3942 739 4008 fonte
759 3946 979 4027 profluxerint,
1006 3954 1096 4015 tanto
1119 3950 1223 4015 minus
1243 3950 1362 4035 ambigi
1383 3950 1498 4032 possit,
1524 3972 1587 4035 quo

460 4054 560 4140 magis
582 4074 636 4119 cos
657 4050 712 4135 qui
733 4056 805 4133 post
826 4053 1022 4121 Herodotum
1056 4056 1095 4123 de
1115 4057 1211 4125 rebus
1229 4058 1432 4143 Aegyptiacis
1452 4060 1585 4126 rettule-

456 4161 546 4233 runt,
571 4154 611 4220 ab
631 4152 819 4220 auctoritate
841 4152 908 4217 eius
929 4155 1067 4236 pendere
1093 4158 1243 4225 videmus.
1288 4158 1397 4243 Neque
1421 4159 1587 4228 Plutarchi

458 4262 555 4327 verba
583 4258 755 4327 Herodotei
777 4257 890 4323 coloris
918 4259 1072 4327 immunia
1099 4267 1180 4328 sunt.
1232 4266 1270 4329 In
1292 4264 1407 4349 quibus
1434 4284 1516 4349 quae
1547 4265 1586 4332 de

457 4363 552 4429 subus
573 4363 614 4429 ab
635 4362 800 4448 Aegyptiis
821 4360 863 4428 ad
884 4362 1004 4429 semina
1024 4364 1118 4429 altius
1140 4365 1348 4447 deprimenda
1369 4369 1404 4433 in
1424 4367 1491 4434 solo
1514 4392 1581 4436 ma·

459 4465 533 4532 dido
550 4466 715 4547 immissis,
743 4472 870 4537 rectene
891 4488 950 4549 per
971 4474 1245 4536 monumentorum
1274 4471 1407 4559 fidem*)
1431 4496 1472 4540 an
1494 4497 1585 4542 secus

528 4714 555 4782 *)
581 4715 610 4767 ln
628 4720 805 4771 monumentis
825 4723 1014 4791 Aegyptiorum
1039 4734 1106 4789 quae
1130 4723 1214 4776 vanus
1238 4726 1413 4785 rusticationis
1437 4732 1524 4795 portes
1545 4744 1585 4780 ra-

457 4808 636 4871 praesentrnt,
656 4816 785 4871 nusquam
803 4814 945 4874 conparent
963 4826 1040 4876 sues,
1060 4811 1109 4863 sed
1127 4825 1235 4879 caprae,
1253 4814 1333 4868 veluti
1352 4815 1380 4867 ln
1396 4814 1486 4870 tabule
1502 4831 1584 4883 prope
