3700 5625
914 613 1125 678 ..sg-

472 782 643 851 offensione
664 778 770 844 dicere
791 776 913 864 τρυγὸς
937 775 1055 856 ἕλκων,
1086 775 1121 840 id
1148 773 1233 861 quod
1254 773 1450 842 Meinekium
1475 791 1607 856 permo-

470 891 552 956 visse
573 888 711 965 ridetur,
738 889 774 950 ut
795 905 897 966 nuper
918 883 978 948 hos
999 903 1108 950 versus
1128 883 1176 949 ita
1197 882 1335 950 scribere
1356 883 1561 964 praeoptaret

646 994 718 1066 aar
738 991 779 1086 ἦν
801 995 848 1064 ὅτ’
871 997 906 1064 ἒν
930 993 1089 1087 φώσοιονι
1111 997 1167 1087 τὴν
1189 995 1264 1087 ἴσην
1286 995 1366 1081 thor

642 1097 712 1186 μετ’
735 1100 818 1186 ἐμοῦ
839 1099 933 1186 διῆγε
954 1103 1086 1188 μοῖραν,
1111 1099 1214 1166 ἕλκων
1235 1103 1291 1188 τῆς
1310 1098 1438 1190 τρυγός,

475 1221 536 1286 hoc
565 1224 690 1298 tamen,
720 1224 881 1303 utcunque
903 1218 1070 1296 statuitur,
1101 1223 1192 1284 extra
1221 1239 1347 1284 omnem
1370 1217 1612 1286 dubitationem

475 1319 614 1400 positum
630 1324 685 1398 est,
708 1319 874 1385 Cratinum
895 1317 1074 1404 significare
1093 1319 1255 1386 hominem
1275 1319 1403 1387 infimae
1425 1322 1527 1401 sortis,
1547 1323 1612 1407 qui

476 1428 701 1506 praeterquam
731 1423 816 1508 quod
845 1422 902 1487 vili
920 1422 1021 1488 lintea
1044 1427 1130 1488 veste
1152 1422 1282 1490 indutus
1304 1428 1387 1503 erat,
1417 1423 1610 1490 vilissimam

420 1541 423 1546 ·
481 1528 578 1592 etiam
598 1527 723 1594 biberet
743 1549 887 1612 vappam.
931 1529 980 1594 Ex
1002 1527 1063 1593 hoc
1081 1529 1180 1614 igitur
1200 1529 1270 1596 loco
1291 1530 1374 1596 nihil
1396 1531 1508 1613 opinor
1530 1551 1610 1596 con·

478 1632 563 1697 cludi
589 1638 716 1716 poterat
742 1633 782 1701 de
807 1631 924 1700 latiore
956 1632 1100 1698 vocabuli
1128 1631 1209 1720 τρύξ
1237 1633 1424 1718 significatu.
1475 1633 1541 1700 Has
1565 1633 1610 1700 ob

477 1737 617 1803 rationes
646 1759 744 1803 unam
771 1738 916 1804 voculam
948 1757 1054 1801 errore
1087 1735 1214 1802 librarii
1241 1737 1276 1801 in
1305 1735 1469 1802 Plutarchi
1499 1737 1612 1802 verbis

479 1843 627 1908 omissam
648 1843 791 1925 suspicor
811 1847 845 1908 et
865 1839 1047 1907 huiusmodi
1062 1839 1158 1906 fuisse
1177 1859 1285 1906 veram
1302 1839 1456 1905 orationis
1470 1839 1613 1906 formam

479 1946 512 2014 oi
533 1948 570 2014 δὲ
592 1946 736 2014 παλαιοὶ
761 1946 818 2014 καὶ
838 1943 941 2037 τρῦγα
962 1945 1018 2012 τὸν
1039 1951 1135 2013 νέον
1164 1937 1252 2012 οἶνον
1275 1937 1428 2035 ι’ίντικρυς
1450 1941 1606 2012 ἐκάλουν.

457 2046 583 2135 'Atque
606 2050 660 2116 bic
680 2051 810 2136 quidem
831 2052 949 2117 erroris
968 2071 1063 2117 causa
1081 2071 1206 2134 quoque
1227 2050 1398 2117 manifesta
1419 2053 1468 2116 est
1489 2049 1524 2116 in
1538 2054 1607 2116 ter-

476 2157 648 2224 minatione
672 2183 709 2223 ον
721 2158 771 2225 bis
792 2159 904 2241 posita,
925 2179 1062 2242 quarum
1083 2177 1179 2242 quam
1198 2157 1293 2226 facile
1315 2157 1439 2224 hauriri
1461 2157 1609 2242 potuerit

478 2263 640 2342 altemtra,
662 2263 751 2330 nulla
773 2269 846 2350 eget
867 2263 1144 2330 demonstratione.

563 2369 603 2432 In
623 2368 811 2453 quaestione
834 2389 890 2433 cur
911 2366 1115 2453 Pythagorici
1136 2365 1271 2450 piscium
1296 2365 1497 2449 potissimum
1519 2387 1613 2434 esum

479 2475 628 2540 detestati
646 2475 765 2542 hrerint
785 2475 874 2554 VIII,
895 2479 922 2554 8,
940 2480 959 2543 3
978 2495 1008 2558 p.
1024 2473 1115 2542 730d
1136 2469 1218 2539 ὅθεν
1238 2466 1276 2538 οῦ
1297 2465 1377 2561 παρ’
1398 2469 1612 2560 Αἰγυπτίοις

478 2576 582 2661 μόνον
604 2572 683 2644 οῦδὲ
703 2577 840 2667 Σύροις,
865 2573 951 2643 ἀλλὰ
980 2575 1035 2642 καὶ
1056 2571 1135 2665 παρ’
1160 2571 1297 2662 Ἕλλησι
1319 2575 1450 2662 γέγονεν
1472 2569 1614 2662 ἁγνείας

478 2681 581 2769 μέρος
603 2676 742 2768 ἀποχὴ
772 2676 945 2764 ἰχθύων,
978 2679 1178 2760 Benselerus,
1209 2699 1351 2746 morosus
1372 2679 1516 2763 alioquin
1537 2679 1612 2744 hia-

477 2793 569 2853 tuum
590 2809 662 2856 osor
682 2792 778 2873 atque
799 2787 985 2874 exagitator,
1006 2786 1113 2854 verbis
1137 2778 1247 2871 ἀποχὴ
1270 2779 1404 2866 ἰχθύων.
1428 2789 1615 2852 utineam

478 2897 558 2957 ritus
576 2897 710 2959 colemab
728 2898 849 2972 romine,
871 2892 954 2958 nihil
976 2891 1113 2958 offensus
1135 2894 1193 2967 est,
1214 2890 1249 2954 in
1269 2909 1332 2974 quo
1351 2889 1468 2956 iudicio
1486 2891 1613 2975 siquid

478 2997 569 3063 video
582 2999 636 3063 vix
649 3018 846 3083 quemquam,
868 2997 963 3063 modo
984 2996 1124 3081 aliquam
1144 2994 1258 3060 harum
1278 3016 1385 3061 rerum
1407 2994 1525 3062 habeat
1545 3018 1606 3061 no-

478 3101 596 3179 titiam,
619 3102 851 3168 adsentientem
871 3100 1014 3168 habebit.
1057 3100 1189 3167 Prorsus
1208 3098 1293 3165 enim
1315 3098 1438 3165 alienae
1455 3103 1541 3179 sunt,
1563 3100 1612 3165 ad

480 3204 617 3285 speciem
630 3205 773 3287 quamvis
793 3205 919 3283 similes,
941 3202 1121 3269 hqusmodi
1143 3203 1374 3286 conpositIones
1397 3224 1494 3268 unam
1515 3205 1613 3287 quasi

478 3308 640 3374 notionem
664 3308 837 3376 formantes
858 3330 896 3375 ao
918 3314 987 3375 tam
1009 3312 1096 3375 certo
1117 3309 1234 3393 ubique
1257 3307 1383 3375 foedere
1406 3308 1549 3388 iunctae,
1569 3315 1614 3375 ut

477 3415 618 3499 legentes
650 3413 743 3480 facile
769 3413 1062 3497 praeterlabantur,
1091 3412 1189 3479 veluti
1204 3412 1381 3490 ῗτακτικοῦ
1410 3410 1467 3477 καὶ
1497 3406 1612 3501 ἁρμο-

478 3521 571 3585 νικοῦ
592 3513 713 3606 ἆνδρός
732 3540 763 3603 p.
790 3522 893 3599 6180,
922 3517 1082 3607 ἐρωτικοῦ
1112 3510 1234 3603 ἀνδρός
1258 3535 1288 3597 p.
1312 3515 1403 3581 7511)
1429 3512 1613 3603 (ἐρωτικὸς

480 3615 562 3710 ἀνήρ
590 3643 620 3705 p.
649 3623 753 3702 card,
783 3623 862 3690 conl
890 3643 920 3707 p.
952 3621 1050 3691 7611)
1079 3616 1296 3706 συγκλητικὸς
1326 3612 1408 3707 ἀνήρ
1439 3638 1469 3701 p.
1492 3624 1554 3687 737
1568 3623 1614 3704 c),

479 3725 687 3810 θριαμβικοῦ
710 3718 831 3812 ἀνδρός
851 3724 960 3806 Pomp.
982 3728 1024 3789 24
1045 3721 1096 3788 vel
1116 3720 1274 3807 γυμνικοῦ
1302 3712 1430 3805 ἀγῶνος
1459 3739 1488 3802 p.
1512 3720 1613 3787 6381)

478 3823 529 3889 vel
543 3823 640 3889 etiam
661 3827 719 3889 τοῦ
739 3827 845 3892 καλοῦ
856 3824 1051 3914 Ἀγάθωνος
1072 3845 1102 3907 p.
1114 3827 1281 3902 645ecet,
1304 3842 1439 3905 quorum
1457 3824 1611 3905 exempla

479 3930 625 3996 omnibus
637 3936 785 4013 prompta
805 3936 926 3999 suntet
942 3932 1036 3999 obvia
1049 3952 1086 3997 ao
1100 3928 1270 3996 Benselero
1292 3948 1419 3993 suasore
1434 3928 1549 3993 merito
1571 3928 1613 3993 in

479 4033 607 4099 civitate
628 4036 767 4113 retenta,
800 4034 856 4101 sed
877 4055 959 4119 quae
980 4034 1154 4101 cavendum
1175 4036 1284 4099 estne
1307 4053 1380 4097 oum
1400 4030 1616 4099 dissimilibus

478 4140 705 4220 conponantur.
752 4137 792 4203 In
812 4158 876 4224 quo
897 4139 1017 4205 adhoc
1038 4138 1237 4223 potissimum
1268 4136 1440 4223 diligenter
1460 4139 1612 4206 animum

477 4240 600 4306 adverti
619 4260 748 4308 necesse
768 4247 832 4322 est,
854 4247 891 4307 ut
911 4242 1079 4310 mutabilia
1099 4242 1319 4308 discernantur
1348 4242 1389 4308 ab
1416 4242 1607 4310 immutabi-

477 4337 570 4429 libus.
621 4338 726 4423 Atque
756 4340 839 4406 fixae
868 4340 998 4425 quidem
1037 4340 1112 4407 illae
1142 4340 1307 4406 iuncturae
1345 4340 1423 4426 quid
1451 4345 1613 4409 momenti

478 4435 626 4502 adferant
654 4438 759 4504 hiatui
780 4439 960 4506 exomendo
981 4439 1098 4523 optime
1120 4440 1320 4527 cognoscitur
1350 4442 1392 4521 si,
1415 4442 1542 4526 quaudo
1567 4466 1612 4511 ex

479 4538 573 4603 solito
593 4540 766 4607 variaverit
791 4547 903 4609 auctor
924 4562 989 4628 qua
1009 4542 1133 4610 ratione
1160 4542 1195 4608 id
1215 4541 1335 4609 facturn
1363 4542 1420 4624 sit,
1451 4545 1609 4615 adcurate

477 4646 736 4727 perscrutaberis.
788 4648 882 4716 Cuius
918 4649 967 4716 rei
997 4669 1151 4734 perquam
1179 4648 1386 4717 memorabile
1423 4652 1614 4735 exemplum

479 4749 566 4813 extat
586 4746 621 4813 in
642 4747 760 4817 Erotio.
781 4768 813 4833 p.
836 4750 945 4833 754d,
966 4749 1022 4819 ubi
1044 4772 1115 4817 cum
1132 4750 1198 4818 leni
1218 4752 1388 4820 verborum
1418 4753 1614 4823 naecuone
