3700 5625
875 583 1107 644 -104-

441 750 483 815 sit
501 747 685 832 pervolgato
706 747 867 827 schemati
888 746 973 830 quod
994 749 1179 828 nuncupant
1192 739 1309 828 portent
1320 767 1378 828 pro
1391 749 1456 822 toto,
1477 763 1573 810 nemo

441 858 527 920 certe
555 851 758 917 Plutarchum
788 851 931 916 dicturus
961 855 1009 916 est
1035 850 1131 916 nimis
1160 849 1281 916 urbane
1302 847 1483 915 blanditum
1504 869 1575 916 esse

442 959 492 1026 vel
517 959 694 1025 sublimiter
722 959 989 1042 philosophatum.
1033 955 1095 1024 Sed
1119 979 1171 1024 res
1198 957 1286 1024 salva
1313 961 1378 1038 est3
1409 977 1575 1040 nunquam

443 1062 528 1129 enim
549 1061 689 1127 adducor
717 1068 754 1126 ut
782 1062 944 1130 hominem
972 1081 1121 1147 graecum
1147 1067 1215 1128 tam
1241 1062 1413 1128 inhumane
1444 1067 1577 1146 tamque

443 1191 557 1253 parum
577 1169 739 1253 eleganter
761 1170 911 1252 cuiquam
928 1169 1137 1235 conviciatum
1157 1167 1254 1234 firisse
1277 1169 1418 1247 credam,
1450 1169 1506 1253 qui
1527 1169 1580 1236 vel

448 1277 499 1341 ira
519 1275 605 1340 inter
627 1273 796 1340 dicendum
818 1274 1049 1354 effervescente,
1071 1275 1238 1340 ventriculi
1260 1272 1388 1341 nomine
1407 1295 1484 1340 usus
1507 1274 1576 1340 fue·

344 1430 349 1439 .
443 1376 488 1441 rit
509 1375 550 1440 ad
572 1376 778 1441 contumelias
796 1377 991 1458 petulantius
1015 1377 1178 1444 iactandas
1199 1379 1234 1442 in
1252 1379 1414 1444 hominem
1430 1380 1577 1464 quisquis

350 1519 353 1526 ·
392 1521 398 1529 ·
447 1480 551 1557 hierit
573 1479 798 1563 philosophum
816 1481 866 1548 vel
887 1504 952 1547 non
972 1483 1203 1565 philosophum.
1246 1481 1348 1566 quue
1378 1483 1457 1550 scite
1479 1483 1574 1550 intel-
1684 1561 1685 1568 ρ

447 1580 561 1646 lenisse
582 1580 731 1645 videntur
751 1581 807 1664 qui
835 1574 998 1664 στόμαχοι
1026 1602 1084 1665 pro
1113 1585 1262 1662 corrupto
1291 1581 1461 1648 habebant.
1513 1581 1578 1647 Sed

447 1702 549 1765 neque
569 1680 796 1766 Wyttenhachi
818 1679 986 1764 στωμύλοι
1008 1688 1082 1766 apte
1103 1683 1284 1749 adhibitum
1302 1683 1426 1750 videtur
1445 1683 1485 1748 de
1500 1705 1575 1749 eon·

449 1783 595 1848 tentiosis
614 1782 820 1865 philosophis,
841 1783 897 1866 qui
919 1784 1133 1866 sophistarum
1150 1785 1252 1850 instar
1269 1783 1338 1868 (cfr.
1353 1783 1433 1849 Plut.
1448 1785 1576 1851 Themi·

448 1887 536 1953 stocl.
558 1909 584 1952 c.
608 1890 641 1970 2)
664 1887 817 1952 contortis
835 1887 1138 1972 interrogationibus
1159 1891 1215 1952 aut
1233 1886 1496 1954 conclusiunculis
1517 1888 1576 1954 fal·

447 1990 568 2056 lacibus
589 1989 751 2057 auditores
772 1992 894 2057 retibus
914 1992 1006 2076 quasi
1027 1993 1186 2059 involvere
1207 1993 1483 2074 nitebantur·(cfr.
1501 1993 1576 2060 Ore-

449 2089 557 2155 sollius
578 2090 694 2156 theatr.
709 2096 770 2160 vet.
785 2093 866 2158 rhet.
889 2092 921 2156 Π
937 2113 967 2175 p.
985 2094 1137 2180 118P.)*)‚
1158 2117 1260 2178 neque
1283 2095 1423 2162 eiusdem
1447 2096 1580 2164 editoris

449 2195 581 2277 suspitio
605 2191 640 2260 ui
662 2198 817 2263 τοιαῦται
832 2195 1030 2281 σκιαμαχὶαι
1049 2199 1118 2286 (cfr.
1135 2201 1214 2266 Plut.
1228 2201 1296 2266 adv.
1315 2183 1580 2285 colot.p.1114a
1684 2237 1685 2250 ι

450 2297 480 2366 εἷ
501 2299 547 2389 pr}
563 2300 731 2386 βούλεσθε
754 2307 864 2382 κεναῖς
885 2308 1014 2390 φωναῖς
1036 2305 1114 2394 περὶ
1136 2309 1230 2371 κενοῦ
1249 2309 1417 2395 χρῆσθαι,
1450 2330 1575 2372 ontu—
1684 2325 1685 2358 ι

450 2408 689 2487 κακοῦντες
720 2404 804 2497 πρὸς
835 2405 914 2485 τοὺς
944 2402 1102 2495 ἀρχαίους
1130 2410 1209 2477 conl.
1230 2430 1261 2493 p.
1284 2410 1389 2496 θοαί)
1415 2411 1580 2477 commode
1684 2497 1685 2502 .

451 2512 526 2574 ante
546 2511 610 2574 τῶν
633 2508 829 2599 ἐρωτώντων
857 2515 941 2576 stare
963 2513 1080 2594 potuit,
1109 2514 1281 2598 eademque
1311 2535 1406 2580 causa
1433 2521 1495 2593 est,
1523 2537 1582 2581 cur

453 2614 614 2680 Meziriaci
633 2613 865 2703 λεωσολογίαι,
894 2618 981 2701 quod
1002 2619 1043 2684 ad
1070 2621 1260 2686 sententiam
1284 2619 1364 2686 adeo
1393 2620 1461 2686 veri
1491 2622 1579 2686 simi-

455 2718 518 2784 lius
544 2721 757 2805 excogitatum
785 2720 887 2787 rideri
912 2722 1028 2805 possit,
1057 2723 1253 2790 reiciendum
1282 2743 1349 2789 esse
1378 2723 1581 2798 crediderim.
1684 2711 1685 2772 l

454 2821 611 2906 Equidem
639 2845 674 2888 re
704 2820 855 2889 adcurate
883 2845 1040 2908 perpensa
1064 2845 1128 2888 non
1149 2823 1259 2891 dubito
1292 2824 1370 2907 quin
1395 2823 1483 2890 aliud
1502 2824 1581 2909 quid
1684 2888 1685 2905 .

451 2926 595 3007 posuerit
613 2925 802 2991 Plutarchus
832 2930 866 2991 et
887 2925 963 2991 olim
984 2926 1026 2991 ad
1049 2925 1239 2991 sententiam
1264 2928 1397 3007 perapte
1425 2925 1582 3007 seriptum

452 3024 548 3089 fuerit
571 3018 747 3114 οὐδὲνγὰρ
771 3024 974 3091 cinctorium
997 3018 1241 3111 λογομὰχοι
1264 3025 1485 3114 διαφέρουσι,
1508 3029 1577 3113 qui-
1684 3058 1685 3123 ρ

452 3127 512 3193 bus
533 3148 671 3209 conpare
691 3133 819 3211 praeter
840 3150 878 3195 ea
890 3150 972 3213 quae
992 3130 1100 3197 adlata
1114 3136 1222 3197 sunta
1239 3130 1403 3197 Dindorfio
1424 3132 1459 3197 in
1471 3131 1580 3216 Steph.
1684 3158 1685 3195 ;

453 3229 543 3297 Thes.
556 3249 579 3297 s,
591 3228 715 3309 v.,Plat
728 3228 922 3311 Tim..p.88a
943 3229 1080 3319 διδαχάς
1101 3223 1128 3296 ι’
1146 3222 1186 3297 οὗ
1210 3228 1267 3296 καὶ
1286 3229 1395 3313 μάχας
1418 3228 1451 3297 ἐν
1467 3228 1581 3317 λόγοις

453 3335 641 3412 ποιεῖσθαι,
665 3330 780 3399 Conon
803 3354 887 3397 narr.
910 3334 952 3399 38
973 3326 1017 3411 ὥς
1041 3334 1077 3399 δὲ
1096 3332 1179 3416 perd
1203 3330 1329 3419 πολλὴν
1350 3330 1420 3420 ἔριν
1442 3332 1500 3399 καὶ
1521 3333 1581 3399 lc-

454 3435 616 3525 γομαχίαν
637 3433 655 3503 ὁ
678 3437 850 3525 Μιλήσιος
871 3433 919 3516 εἰς
942 3434 1041 3528 ὅρκον
1064 3437 1119 3505 adv
1142 3432 1318 3505 ἀδικοῦντα
1340 3432 1576 3529 προύκαλεῖτο,

454 3544 555 3628 Epist
583 3545 625 3610 ad
642 3544 788 3618 {Timoth
805 3545 835 3623 I,
858 3549 886 3623 6,
910 3552 929 3610 4
949 3544 1051 3629 μηδὲν
1084 3539 1324 3627 ἐπιστάμενος,
1357 3537 1444 3611 ἀλλὰ
1474 3536 1580 3613 νοσῶν
1684 3570 1685 3575 ’

456 3642 533 3731 περὶ
557 3639 706 3729 ζητήσεις
725 3640 781 3708 καὶ
801 3639 1006 3729 λογομαχίας
1025 3647 1057 3708 et
1076 3665 1158 3727 quae
1179 3665 1219 3711 ex
1241 3644 1412 3711 senioribus
1434 3642 1582 3711 adhunc
1684 3650 1685 3727 l

452 3746 558 3812 locum
570 3746 662 3813 docte
676 3746 835 3832 congessit
844 3746 1032 3827 Wettstein,
1053 3743 1150 3813 veluti
1162 3744 1258 3813 Mich.
1274 3744 1414 3829 Apostol
1427 3742 1514 3820 XIV,
1538 3748 1580 3809 62

455 3843 603 3928 πόλεμός
624 3870 674 3923 τις
695 3840 855 3936 δοίδηρος
884 3839 948 3911 rivel
977 3846 1034 3934 τὴν
1053 3841 1195 3911 Ἑλλάδα
1229 3842 1412 3931 acerbaret:
1439 3843 1582 3911 ἐπὶτῶν
1684 3908 1685 3911 ,

453 3949 560 4041 λόγων
584 3954 789 4037 μαχομένων·
829 3949 914 4018 οὕτω
929 4028 930 4031 ¹
945 3950 1007 4042 γὰρ
1038 3948 1121 4030 ἔθος
1151 3955 1221 4029 τοῖς
1248 3955 1370 4039 σοφοῖς
1404 3946 1580 4034 μάχεσθαι

457 4055 542 4148 πρὸς
572 4051 737 4144 ἀλλήλους
768 4062 827 4124 eto.
872 4056 973 4141 Super
1004 4062 1074 4123 erat
1108 4057 1142 4123 in
1174 4056 1281 4123 codice
1300 4056 1489 4141 archetypo
1512 4108 1518 4120 .
1544 4106 1580 4123 ..
1684 4108 1685 4123 .

455 4164 699 4241 ΓΟΜΑΧΟΙ,
723 4161 806 4228 unde
827 4161 1000 4228 monachus
1020 4164 1148 4249 gulosus
1169 4163 1265 4229 homo
1294 4167 1326 4230 et
1345 4167 1382 4227 ut
1403 4163 1502 4229 sacris
1521 4163 1580 4227 mi-

456 4286 662 4299 ...ὴ-

531 4349 557 4415 *l
580 4354 615 4404 lta
627 4356 701 4405 Anna
713 4351 847 4406 comnena
860 4354 930 4408 Alex.
938 4355 1001 4421 V,8
1019 4372 1044 4422 p.
1058 4357 1124 4421 259,
1142 4357 1156 4407 3
1176 4357 1209 4407 de
1228 4356 1335 4421 Latino,
1353 4355 1491 4409 Michaelis
1502 4346 1581 4408 Pselli
1684 4390 1685 4415 ι

455 4441 570 4507 aequali,
596 4444 659 4493 dixit
683 4439 843 4512 ἔμβαθδκας
866 4444 897 4498 δὲ
920 4448 953 4517 τῇ
978 4444 1133 4519 διαλεκτικῇ
1157 4441 1364 4516 μεθημερινοὺς
1387 4442 1526 4515 θορύβους
1552 4444 1580 4495 ἓν
1651 4432 1657 4439 ’
1684 4430 1685 4457 l

453 4525 614 4599 πινδὴμοις
632 4527 824 4586 σονελεδσισιν
843 4533 971 4598 ἐποιεῖτο,
992 4530 1155 4601 σοφιστικὰς
1175 4536 1310 4600 συνείρων
1332 4531 1495 4598 ἔρεσχελίας,
1518 4546 1578 4580 cerr·
1684 4548 1685 4609 ρ

455 4621 569 4703 deon
583 4620 724 4671 verborum
742 4620 917 4673 velitationem
937 4620 1100 4686 exprobravit
1119 4619 1246 4685 sophistis
1261 4618 1349 4671 loton.
1360 4616 1494 4685 chrysost.
1507 4617 1540 4669 de
1552 4614 1579 4667 S·
1684 4640 1685 4649 .

360 4730 363 4737 ·
453 4708 552 4778 Babylo
569 4723 595 4774 p.
613 4708 674 4772 215,
694 4706 710 4755 9
729 4710 774 4760 καὶ
792 4704 884 4778 λόγων
902 4702 1008 4779 ἄμαχοι
1026 4712 1166 4778 σοφισταί.
