3700 5625
711 636 773 710 ¹-·
809 617 852 685 ω
893 649 938 668 -

266 785 421 854 orationis
441 787 691 854 conformatione
712 788 747 852 in
765 785 863 853 simili
877 808 974 855 causa
989 787 1113 855 locutus
1127 793 1176 855 ast
1192 787 1222 854 S.
1238 788 1396 874 chrysost.
1439 799 1448 814 ¹

266 895 310 961 do
331 894 410 980 virg.
430 894 451 958 l.
474 893 494 958 1
518 889 577 958 ἐὰν
599 893 912 978 διακεχυμένην
934 889 1023 981 λάβῃ
1045 891 1154 985 ψυχὴν
1175 893 1232 959 καὶ
1253 889 1319 960 όττδ
1340 899 1397 982 τῆς
1503 907 1505 912 ’

267 998 355 1089 πρὸς
382 999 442 1087 τὴν
470 1001 608 1086 γυναῖκα
637 995 856 1082 συμπαθείας
882 999 1148 1086 μεμαλαγμὲνην,
1178 1001 1294 1085 quibus
1322 1022 1395 1066 oon-

263 1104 436 1173 1111οΡ111.
463 1103 504 1171 de
534 1103 631 1188 Legg.
652 1101 700 1168 VI
727 1123 758 1185 p.
786 1109 882 1170 7750
914 1100 971 1168 καί
1001 1102 1087 1192 πρὸς
1114 1099 1247 1182 τούτοις
1274 1106 1326 1172 δεῖ
1350 1105 1395 1194 μή

267 1207 335 1272 ταῖν
365 1201 528 1289 σωμάτων
557 1204 867 1288 διακεχυμένων
899 1198 968 1271 ὑπὸ
994 1205 1106 1292 μέθης
1133 1205 1309 1294 γίγνεσθαι
1337 1211 1395 1297 τὴν

264 1304 503 1398 παιδουργίαν.

274 1625 305 1677 21
325 1639 350 1692 p.
372 1623 416 1688 93,
434 1625 450 1675 6
467 1616 560 1692 (φόβῳ
579 1622 675 1688 πολλῷ
696 1618 846 1690 Theophyl.
865 1618 927 1672 hist
944 1633 969 1686 p.
989 1619 1055 1683 342,
1076 1619 1134 1682 1311
1164 1616 1214 1678 ξὺν
1237 1626 1284 1690 βίᾳ
1307 1627 1397 1696 πολλῇ

266 1711 379 1774 Procop.
399 1709 426 1760 b.
448 1706 521 1773 goth.
536 1721 561 1772 p.
584 1707 643 1770 452,
667 1707 696 1757 11
723 1701 791 1768 (σὺν
809 1702 918 1771 εὐταξία
937 1706 1027 1776 πολλῇ
1044 1705 1118 1756 Anua
1135 1719 1164 1770 p.
1183 1704 1241 1767 192,
1264 1707 1322 1772 161,
1344 1715 1394 1762 θο-

265 1791 343 1869 ρόβφ
368 1795 462 1861 πολλῷ
482 1809 511 1860 p.
530 1794 597 1857 596,
625 1793 658 1842 23
684 1791 755 1846 conl.
781 1790 841 1842 hist.
860 1806 914 1847 arc.
937 1806 965 1856 p.
987 1792 1049 1856 100,
1077 1792 1124 1854 14;
1148 1786 1228 1860 κόπῳ
1250 1797 1345 1863 πολλῷ
1369 1799 1394 1852 b.

268 1883 341 1951 goth.
360 1897 387 1948 p.
406 1882 466 1946 387,
487 1882 518 1934 12
540 1898 565 1947 p.
591 1881 655 1946 535,
674 1882 685 1932 1
701 1877 779 1948 πόνῳ
797 1899 826 1933 τε
842 1883 890 1932 καὶ
902 1875 998 1951 χρόνῳ
1017 1883 1111 1948 πολλῷ
1128 1896 1157 1946 ρ.
1178 1883 1238 1948 381,
1259 1885 1290 1935 21
1312 1893 1339 1936 et
1358 1889 1396 1938 sic

268 1971 396 2035 deinceps
414 1969 483 2035 apud
500 1973 602 2020 ceteros
622 1966 849 2020 innumerabiliter.
885 1966 1007 2019 Eundem
1031 1973 1108 2033 atqua
1131 1969 1299 2023 Plutarchum
1322 1976 1394 2027 ordi-

270 2071 340 2120 nem,
362 2056 459 2121 quippe
477 2056 576 2106 ratione
593 2055 732 2120 sancitum,
752 2056 778 2105 iu
797 2053 968 2106 conlocandis
988 2071 1010 2107 1.
1024 2071 1049 2122 g.
1069 2051 1160 2126 φόνον
1171 2058 1281 2126 ἐποίησε
1299 2059 1396 2132 πολύν,

270 2137 365 2211 φυγὴν
383 2140 494 2207 ἐποίησε
511 2134 619 2208 πολλήν
638 2139 779 2204 similibus,
801 2153 905 2191 servare
918 2139 994 2192 vides
1013 2138 1085 2192 haud
1100 2157 1156 2194 raro
1173 2144 1251 2194 ctiam
1269 2149 1396 2200 recentio-

269 2247 327 2295 res,
354 2229 433 2282 veluti
455 2227 589 2280 Zosimum
613 2244 642 2294 p.
661 2227 737 2279 45911
763 2222 854 2298 φόνου
877 2232 1032 2298 γενομένου
1056 2233 1177 2298 πολλοῦ,
1202 2249 1227 2298 p.
1250 2233 1321 2286 3751
1348 2239 1395 2289 καὶ

266 2310 356 2386 φόνος
380 2303 416 2382 ἦν
440 2309 539 2381 notus,
570 2313 728 2379 Procopium
749 2313 778 2364 b.
803 2328 828 2378 g.
848 2328 876 2378 p.
895 2314 962 2379 257,
989 2315 1004 2362 5
1030 2309 1118 2383 φόνος
1141 2315 1278 2390 ἑκατέρων
1300 2317 1394 2388 πολύς,

266 2420 292 2472 p.
306 2404 349 2468 53,
367 2404 399 2454 16
409 2398 497 2472 φόνος
508 2402 628 2454 ἐνταῦθα
642 2397 728 2459 πολὺς
740 2396 862 2469 ἐγεγόνει
875 2400 944 2454 coul.
956 2416 981 2467 p.
993 2401 1053 2466 3711,
1063 2403 1093 2453 17
1108 2418 1133 2468 p.
1148 2404 1208 2469 378,
1221 2406 1250 2455 21
1267 2422 1293 2472 p.
1307 2409 1367 2475 595,
1381 2411 1392 2459 1

267 2509 294 2562 p.
311 2491 397 2558 66,3
424 2498 450 2543 et
476 2491 572 2543 eodem
595 2490 687 2542 ordine
711 2487 807 2542 Zosim.
830 2505 855 2555 p.
874 2489 954 2541 46611
979 2487 1067 2560 φόνος
1089 2491 1261 2563 παμπληθὴς
1282 2496 1395 2566 ἐγίνετο,

269 2586 344 2635 Anna
359 2579 454 2653 (lemn.
474 2582 519 2646 lll,
538 2581 569 2632 12
586 2595 612 2646 p.
632 2581 696 2644 185,
715 2580 748 2630 22
766 2578 967 2652 ἀνδροκτασίας
984 2580 1113 2634 ἐντεῦθεν
1129 2584 1232 2650 πολλῆς
1251 2591 1397 2653 γεγονυίας

269 2669 375 2739 similia,
395 2686 552 2738 quamquam
574 2670 640 2722 alias
663 2670 733 2736 apud
759 2668 828 2720 hanc
851 2684 940 2720 rursus
959 2669 1057 2720 incerta
1083 2671 1148 2721 sede
1169 2678 1279 2738 vagatur
1301 2671 1395 2744 πολύς,

268 2763 298 2808 ut
316 2757 342 2806 iu
364 2756 484 2813 πλοῦτος
499 2750 586 2813 notris
605 2767 631 2819 p.
649 2751 692 2819 97,
713 2752 743 2802 17
764 2753 810 2818 (ita
828 2752 907 2802 etiam
924 2750 1033 2818 niceph.
1048 2754 1158 2823 Bryenu.
1173 2755 1192 2819 Ι,
1211 2756 1241 2806 19
1260 2771 1285 2821 p.
1297 2757 1395 2825 311,12)

270 2855 297 2901 ct
316 2844 403 2907 πολὺς
413 2842 519 2919 χρυσός
543 2861 568 2913 p.
590 2846 653 2908 198,
673 2845 699 2912 3,
725 2850 803 2909 atquc
823 2844 858 2895 ita
881 2845 975 2908 111111,
1004 2851 1032 2896 ut
1053 2847 1079 2897 in
1103 2846 1145 2898 his
1169 2862 1212 2897 me
1237 2850 1395 2917 contineam,

272 2934 419 3007 Theophyl.
437 2934 497 2987 hist.
511 2948 538 3000 p.
553 2934 612 2998 128,
623 2934 656 2984 24
668 2928 759 3004 φόνου
776 2935 881 2986 πολλοῦ
900 2939 1148 3006 περικομαίνοντος
1161 2936 1228 2990 conl.
1249 2954 1275 3004 p.
1290 2940 1348 3005 148,
1365 2943 1396 2993 12

271 3033 296 3080 et
308 3040 335 3092 p.
347 3026 392 3090 42,
408 3025 439 3078 18
457 3019 550 3094 φόνον
561 3018 652 3076 πολὺν
666 3018 913 3095 χειρουργὴσουσιν
930 3037 961 3076 ac
980 3024 1099 3076 simililer
1115 3041 1140 3092 p.
1152 3028 1195 3092 46,
1213 3029 1253 3079 18.
1263 3025 1395 3089 ’θάνατον

271 3109 362 3166 πολὺν
370 3110 573 3180 ἀπεσχεδίασεν
581 3114 607 3162 et
618 3110 653 3161 111
659 3112 736 3162 etiam
747 3111 817 3176 apud
828 3112 943 3163 eundem
949 3111 1176 3184 Theophylaetum
1186 3118 1296 3172 solemni
1306 3124 1398 3176 ordine

273 3202 401 3255 cuccurrit
419 3194 501 3271 φόνῳ
519 3201 614 3268 πολλῷ
629 3215 655 3266 p.
675 3200 788 3265 279,21,
807 3202 880 3265 quod
899 3202 975 3253 tertio
995 3217 1059 3255 casu
1077 3206 1120 3257 vix
1137 3205 1212 3259 aliter
1228 3210 1396 3265 coniunctum

274 3285 467 3353 deprehendas.
516 3282 572 3337 Sed
596 3299 629 3335 ne
653 3286 712 3348 quis
731 3286 838 3336 omnino
856 3285 908 3336 lixa
925 3286 1030 3351 credat,
1049 3303 1097 3339 nec
1115 3289 1160 3341 illa
1176 3290 1307 3356 inprobari
1325 3310 1397 3361 repe·

273 3375 324 3425 rica
341 3372 445 3425 llaliod.
456 3368 578 3437 Aethiop.
586 3371 635 3434 1,’2
654 3372 701 3422 acal
720 3366 770 3423 τόν
789 3364 935 3441 ὁρώμενον
947 3367 1038 3425 πολὺν
1054 3366 1145 3440 φόνον
1162 3374 1355 3445 ἐργασαμένην
1372 3384 1398 3429 ct

271 3458 292 3524 l,
310 3460 326 3510 3
344 3455 464 3517 πολλοὺς
482 3452 596 3526 φόνους,
617 3456 713 3509 Zosim.
732 3473 758 3523 p.
778 3457 851 3508 3941
870 3453 962 3511 πολὺν
985 3452 1132 3529 εἰργάσατο
1165 3454 1255 3528 φόνον
1284 3461 1352 3515 conl.
1369 3478 1395 3529 p.

273 3549 359 3601 42611.
395 3550 506 3611 Procop.
525 3544 551 3598 b.
571 3544 643 3611 goth.
664 3560 690 3609 p.
709 3546 769 3607 166,
789 3544 823 3593 24
840 3538 929 3602 πολύς
951 3560 979 3597 τε
997 3542 1088 3596 αὐτῶν
1105 3549 1205 3613 γέγονε
1223 3541 1310 3617 φόνος
1327 3549 1396 3601 conl.

274 3652 299 3703 p.
320 3635 387 3700 434,
408 3634 449 3685 19.
484 3633 532 3684 llis
556 3632 706 3683 catervatim
728 3631 825 3681 addam
844 3630 940 3682 similia
964 3630 1034 3697 apud
1050 3630 1130 3683 Lanu.
1150 3630 1221 3685 Diae.
1241 3648 1266 3699 p.
1286 3634 1345 3700 136,
1368 3637 1397 3687 15

272 3718 420 3795 ἀμύθητον
437 3718 537 3793 φόνον,
557 3736 583 3787 p.
598 3721 656 3785 171,
672 3720 703 3772 16
722 3716 812 3772 πολὺν
830 3715 922 3788 φόνον
941 3720 1010 3772 conl.
1029 3735 1055 3785 p.
1073 3721 1142 3785 10,ss
1159 3728 1185 3773 et
1202 3722 1318 3789 priorum
1335 3725 1398 3777 Pro-

272 3812 375 3879 coph.
391 3826 416 3877 g.
432 3826 458 3877 p.
472 3810 561 3875 596,2
579 3811 665 3861 πλείω
683 3803 782 3877 φόνον,
804 3804 952 3875 Theophyl.
974 3805 1043 3860 hist.
1054 3822 1079 3873 p.
1094 3808 1137 3872 46,
1152 3808 1180 3859 11
1200 3808 1290 3864 πολὺν
1310 3808 1399 3881 οἱπερ-

270 3895 401 3970 γόζονται
418 3894 510 3968 φόνον
528 3896 596 3950 conl.
615 3911 641 3962 p.
660 3895 772 3959 256,”17
792 3900 818 3945 et
834 3910 860 3961 p.
877 3895 920 3960 72,
940 3896 972 3945 14
989 3899 1122 3965 μέγιστον
1141 3892 1233 3967 φόνον
1251 3895 1399 3973 εἰργάσατο

270 3994 332 4051 etc„
354 3986 381 4035 iu
401 3985 508 4049 quibus,
521 3991 549 4034 ut
566 3982 636 4048 apud
657 3980 724 4032 alios
744 3982 844 4032 ferreae
861 3979 941 4032 huius
961 3988 1069 4035 catenae
1088 3983 1239 4049 scriptores,
1249 3986 1320 4037 iuxta
1339 4001 1399 4038 cunr

269 4074 351 4142 paulo
376 4060 565 4137 antiquioribus
593 4075 619 4121 ct
646 4067 803 4133 Plutarcho,
829 4070 887 4120 siue
912 4068 967 4120 ullo
989 4071 1133 4121 sententiaa
1158 4070 1335 4123 emolumento
1359 4073 1399 4124 vel

270 4164 480 4227 temperamento
500 4159 662 4210 usitatiorem
682 4158 794 4221 migrare
811 4156 887 4208 vides
906 4156 1033 4211 ordinem.
1061 4156 1144 4209 Immo
1165 4160 1190 4209 in
1208 4165 1295 4210 menta
1312 4165 1338 4212 et
1355 4176 1402 4212 vo·

269 4249 371 4301 lentate
395 4246 534 4300 scribentis
557 4246 644 4312 posita
667 4250 708 4295 est
731 4243 872 4296 variandae
899 4258 947 4310 pro
971 4250 1089 4311 tempore
1117 4245 1306 4297 conlocationis
1330 4247 1402 4299 ratio.

271 4331 306 4385 111
328 4330 396 4382 haec
420 4329 528 4394 quidem
560 4343 591 4380 ac
618 4328 714 4381 similia
739 4342 825 4392 neque
849 4328 921 4393 apud
944 4327 1112 4380 Plutarchum
1142 4328 1241 4380 nedum
1266 4331 1334 4396 apud
1364 4333 1402 4381 in-

269 4421 383 4475 latiores
401 4418 456 4469 ulla
472 4418 565 4469 vinciri
585 4419 715 4484 patiantur
729 4415 827 4481 regula.
865 4416 1028 4481 Quamquam
1050 4429 1117 4480 quaa
1136 4430 1151 4465 a
1169 4430 1212 4467 ma
1224 4417 1338 4470 delibata
1355 4433 1403 4484 po-

269 4511 324 4561 lius
343 4520 423 4571 quam
440 4504 566 4558 exhausta
584 4510 646 4557 sunt
665 4504 824 4569 testimonia,
843 4505 966 4570 equidem
985 4502 1110 4571 profiteor
1126 4519 1218 4570 parum
1235 4504 1300 4557 mihi
1318 4505 1406 4557 adhuc

269 4600 356 4653 videri
376 4598 410 4649 ad
430 4600 557 4650 minutam
576 4596 644 4649 hane
663 4598 845 4664 quaestionem
865 4596 988 4651 omnibus
1007 4595 1124 4660 partibus
1143 4596 1190 4648 rite
1203 4596 1403 4650 absolvendam.

268 4683 320 4738 (lui
341 4684 526 4749 incommodo,
547 4698 608 4735 cum
629 4682 809 4747 exemplomm
835 4682 912 4748 eopia
936 4695 1027 4746 reapse
1051 4678 1084 4730 sit
1102 4684 1180 4745 caput
1206 4682 1231 4730 ct
1249 4676 1406 4744 principium

268 4770 355 4826 totius
373 4781 483 4834 causac,
501 4768 625 4823 facillime
646 4769 749 4825 occurri
767 4774 865 4837 potest,
885 4766 968 4822 stalli
987 4766 1076 4821 animo
1096 4778 1202 4835 semper
1220 4767 1254 4819 ad
1272 4764 1321 4818 lma
1340 4766 1408 4831 qua-

1131 4896 1135 4900 ·
1222 4879 1240 4929 4
