3700 5625
960 577 1171 644 ..84-

505 746 595 828 έχει
620 747 691 822 τοῖς
721 734 796 832 ἀέρι
817 741 874 809 καὶ
902 737 1012 831 δρόσῳ)
1040 742 1187 830 λέγουσι,
1221 739 1379 831 καθάπερ
1411 736 1443 807 οἱ
1471 739 1617 824 τέττιγες,
1698 767 1699 779 ¹

505 845 698 931 σιτούμενον
712 846 734 911 ἰ.
756 869 783 914 o.
795 851 1004 931 pneumam
1019 853 1152 931 praestat
1165 853 1362 912 testimoniam
1376 849 1429 925 cis,
1451 847 1505 930 qui
1519 847 1621 909 aerest

500 976 566 1019 rore
585 955 753 1017 ιτόσᾶονκνη
773 955 868 1016 instar
889 973 956 1016 eum
975 953 1019 1015 oli
1032 953 1222 1036 praedicant,
1254 950 1289 1015 in
1314 949 1429 1034 quibus
1449 969 1542 1014 nemo
1562 969 1621 1012 am-

503 1053 588 1136 plius
607 1053 761 1119 haerebit.
795 1050 917 1117 Eadem
938 1053 972 1116 ni
995 1051 1088 1117 iallor
1108 1073 1203 1136 quam
1225 1071 1321 1133 supra
1342 1048 1517 1135 significavi
1537 1069 1620 1130 prae·

502 1159 695 1241 positionum
724 1161 846 1242 strages
877 1157 984 1241 gliscit
1011 1157 1046 1221 in
1076 1156 1145 1222 loco
1167 1155 1245 1236 VII,
1271 1164 1296 1236 1,
1319 1161 1338 1223 3
1366 1177 1396 1240 p.
1418 1151 1505 1221 69ss
1525 1145 1621 1217 οὐθὲν

501 1261 590 1330 ἰδίου
613 1257 721 1351 πόρου
746 1263 853 1328 δεῖται
873 1259 911 1328 cd
936 1259 1128 1352 aepiscopo
1157 1264 1216 1349 τῆς
1244 1253 1346 1350 ύγράς
1377 1259 1520 1349 τροφῆς,
1545 1247 1623 1322 ἀλλά

503 1358 552 1446 εἷς
570 1361 669 1454 ἀρκεῖ
689 1367 745 1432 καὶ
767 1365 885 1448 κοινάς,
915 1363 1031 1457 ιύσντερ
1054 1362 1201 1446 εὐδιαῖος
1231 1363 1439 1456 ἀμφοτέροις
1460 1360 1507 1442 εἷς
1527 1353 1622 1430 codri

508 1470 577 1537 διὰ
599 1467 754 1537 ταύτού
775 1467 1168 1556 εἶσκομιζομένοις.
1212 1470 1251 1535 In
1271 1471 1322 1536 his
1343 1470 1405 1534 nisi
1431 1489 1489 1551 pro
1519 1463 1621 1531 εἰσκο-

501 1574 693 1659 μιζομένοις
725 1575 916 1641 substituere
955 1577 1026 1659 quis
1061 1576 1140 1642 velit
1182 1571 1619 1664 προσκομιζομένοις,

501 1681 586 1766 quod
607 1679 753 1765 equidem
770 1704 834 1747 non
852 1683 1019 1762 suaserim,
1048 1682 1130 1747 nihil
1149 1681 1236 1747 aliud
1257 1681 1448 1763 relinquitur
1477 1699 1573 1762 quam
1591 1680 1622 1740 nt

499 1784 688 1851 restituatur
721 1781 1206 1867 συνεισκομιζομένοις,
1247 1801 1322 1846 nam
1358 1777 1514 1844 infirmius
1550 1775 1621 1840 adeo

500 1899 548 1962 est
567 1878 730 1959 Benseleri
754 1889 1074 1973 ἀιεισκομιζομένοις
1102 1910 1140 1956 ao
1161 1912 1200 1954 ne
1222 1889 1272 1955 rei
1292 1887 1421 1972 quidem
1442 1885 1619 1950 convenien-

500 2007 551 2067 ter
571 2000 699 2064 dictum.
742 1998 826 2062 Hinc
846 1998 999 2062 transitus
1025 1997 1081 2062 fiet
1109 1996 1151 2062 ad
1178 1995 1318 2062 eiusdem
1345 1993 1538 2077 quaestionis
1559 1995 1619 2057 ol

500 2130 532 2191 p.
557 2109 618 2174 698
627 2128 653 2183 e,
673 2104 788 2170 ubi.in
804 2103 909 2169 verbis
932 2098 1034 2176 εἰπών
1059 2093 1116 2167 οὖν
1138 2097 1191 2168 ὅτι
1213 2104 1274 2166 τού
1294 2096 1453 2187 Ἕκτορος
1482 2091 1620 2177 ύἈχιλ-

499 2204 575 2284 λεύς
596 2197 700 2292 ἤλασε
721 2199 911 2290 λευκανίην,
940 2200 995 2269 ἵνα
1017 2225 1052 2268 τε
1072 2203 1178 2294 ψυχῆς
1199 2193 1341 2278 ἀύκιστος
1363 2191 1508 2288 ύλεθρος
1531 2199 1536 2284 Ι
1558 2190 1621 2262 οὐδ’

489 2305 550 2401 ἀρ’
572 2303 633 2377 ἀπ’
656 2302 973 2398 ἀσφάραγονμελίη
994 2302 1078 2389 τάμε
1097 2301 1324 2394 χαλκοβάρεια
1349 2305 1354 2392 1
1380 2297 1425 2382 ιύς
1447 2296 1528 2370 ύντα
1552 2327 1619 2390 φοι-

499 2418 554 2503 νῆς
574 2408 663 2479 ἰ’διον
685 2406 800 2492 ὀχετὸν
829 2409 885 2476 καὶ
915 2407 1105 2494 πνεύματος
1135 2410 1211 2475 olim
1240 2411 1435 2476 conieceram
1467 2430 1525 2493 ego
1556 2413 1622 2491 post

500 2509 580 2582 ύντα
603 2513 757 2579 excidisse
778 2511 851 2576 τὸν
874 2506 1127 2598 ἀσφάραγον
1149 2509 1245 2595 idque
1267 2531 1351 2574 nunc
1372 2531 1392 2575 a
1411 2505 1620 2575 libroVindo·

497 2615 631 2681 bonensi
650 2613 836 2696 planissime
857 2611 1078 2677 confirmatum
1098 2611 1196 2678 video

580 2733 656 2798 Plus
677 2730 885 2797 dubitationis
900 2730 1000 2795 habet
1019 2712 1106 2796 locus
1121 2730 1190 2810 V,2
1206 2729 1341 2813 perso
1365 2728 1421 2795 rod
1437 2731 1537 2795 τούτο
1552 2729 1617 2810 μέν,

498 2831 597 2923 έφην,
622 2833 661 2899 τὸ
685 2826 885 2919 ἀνάγνωσμα
909 2833 973 2896 τῶν
996 2827 1055 2897 ὀύκ
1076 2830 1118 2897 έν
1139 2829 1249 2916 μέσῳ
1270 2827 1369 2896 ἐστίν.
1414 2830 1453 2894 In
1474 2831 1526 2895 his
1544 2830 1618 2895 Ben-

500 2935 621 3001 selerus
649 2930 1105 3015 invitatuspalaoographioae
1127 2929 1313 2995 mutationis
1339 2929 1492 2995 facilitate
1513 2950 1569 3013 pro
1590 2928 1621 2993 ἐν

498 3039 590 3123 μέσῳ
607 3038 742 3121 pessime
757 3035 921 3101 substituit
936 3031 1097 3118 έμμέσων.
1129 3033 1213 3112 Quid
1226 3033 1425 3117 potissimum
1445 3034 1621 3119 requiratur

443 3160 447 3167 ’
501 3140 628 3206 lubrica
656 3146 706 3205 est
735 3138 931 3205 coniectatio.
974 3138 1088 3221 Itaque
1118 3143 1173 3203 aut
1200 3144 1448 3221 transponantur
1471 3140 1566 3206 uerba
1588 3139 1620 3201 in

496 3246 583 3311 hunc
605 3244 734 3311 modum
754 3243 810 3309 καὶ
832 3244 931 3309 τοῦτο
952 3242 1013 3329 μέν
1035 3240 1134 3323 έστιν,
1158 3239 1258 3332 έφην,
1281 3242 1319 3309 τὸ
1341 3239 1539 3330 ἀνάγνωσμα
1558 3246 1618 3309 τῶν

499 3343 559 3414 ούκ
589 3348 625 3415 έν
643 3349 752 3436 μέσῳ,
784 3353 854 3425 aut,
888 3346 974 3430 quod
1002 3347 1245 3429 praeferendum
1271 3352 1363 3431 puto,
1396 3348 1485 3423 ἐστιν
1507 3350 1618 3434 quippe

494 3454 700 3520 librariorum
725 3452 980 3535 supplementum
1008 3451 1049 3517 ad
1068 3454 1245 3538 marginem
1265 3454 1425 3539 relegetur
1453 3454 1526 3541 (cfr.
1549 3452 1614 3519 Sin-

495 3556 581 3646 tenis
607 3556 665 3638 Ep.
696 3555 738 3620 ad
767 3553 894 3621 Godofr.
916 3554 1135 3621 Hermannum
1155 3576 1186 3638 p.
1211 3554 1315 3621 XLIV
1338 3556 1397 3643 sq.)
1426 3623 1429 3628 .

581 3661 781 3746 Aliquotiens
798 3660 920 3725 dictum
941 3667 989 3725 est
1001 3660 1075 3741 (cir.
1097 3682 1126 3743 p.
1151 3667 1204 3745 42)
1237 3683 1301 3728 non
1322 3662 1420 3729 semel
1441 3661 1618 3728 elisionibus

494 3783 515 3827 a
542 3762 654 3827 scribis
681 3766 800 3828 temere
814 3761 1005 3838 ¹obscuratis
1038 3762 1109 3843 ipsa
1136 3764 1300 3846 scriptoris
1332 3764 1429 3830 verba
1463 3763 1614 3847 insignem

494 3865 601 3932 labem
622 3866 794 3947 suscepisse
816 3871 912 3952 atquo
933 3865 1130 3932 foedissimos
1151 3867 1230 3933 adeo
1251 3862 1330 3935 indew
1346 3868 1446 3934 invito
1467 3869 1615 3950 scriptore

493 3972 633 4035 invectos
653 3990 722 4035 osse
737 3969 851 4048 hiatus,
865 3970 949 4053 quod
962 3992 1042 4036 noso
1057 3992 1140 4035 nunc
1156 3973 1300 4056 exemplo
1314 3973 1486 4039 inlustrare
1507 3972 1613 4057 adgre-

491 4075 562 4140 diar
583 4097 623 4141 ex
642 4074 727 4142 libro
750 4073 808 4153 Ill,
830 4079 858 4152 2,
885 4082 900 4139 1
922 4094 953 4157 p.
977 4074 1068 4142 oreb
1092 4075 1147 4140 καί
1171 4072 1191 4141 d
1213 4100 1249 4163 γε
1269 4077 1401 4168 καρντὸς
1422 4073 1524 4145 αὐτοῦ
1544 4078 1616 4161 (τοῦ

491 4182 621 4266 κιττοῦ)
660 4176 859 4266 μιγνύμενος
897 4174 944 4256 εἷς
980 4174 1036 4244 τὸν
1075 4170 1163 4245 οἶνον
1199 4182 1403 4265 μεθυστικὸν
1434 4186 1528 4249 ττοιεῖ
1557 4179 1609 4246 καί

488 4286 687 4374 ταρακτικὸν
714 4288 762 4372 τῷ
790 4287 997 4374 πυροῦσθαι.
1046 4283 1092 4351 Τὸ
1124 4287 1161 4353 δέ
1189 4288 1299 4375 κλῆμα
1328 4288 1482 4375 λέγουσιν
1512 4285 1608 4356 αὐτοῦ

490 4378 675 4465 σπώμενον,
699 4380 816 4468 ὥσπερ
834 4380 876 4449 τά
897 4383 955 4469 [έν]
981 4386 1062 4476 ττυρὶ
1084 4380 1165 4465 ξύλα
1196 4386 1533 4477 συνδιαστρέφεσθαι.
1575 4384 1611 4449 In

487 4485 539 4550 his
559 4486 645 4569 quod
665 4489 755 4553 uncis
775 4487 950 4554 includitur
972 4489 1007 4555 ἐν
1028 4512 1048 4556 a
1069 4490 1238 4557 Duebnero
1262 4491 1389 4558 demum
1417 4492 1609 4578 quantumvis

488 4593 741 4677 repugnantibus
763 4593 924 4662 codicibus
945 4600 1108 4686 receptum
1123 4600 1178 4662 est.
1208 4596 1255 4662 Ac
1276 4596 1402 4664 videtur
1424 4620 1499 4666 sane
1521 4616 1610 4684 quam

484 4693 625 4761 maxime
646 4696 860 4764 necessarium
878 4716 965 4776 esse,
990 4702 1035 4777 ut,
1057 4697 1120 4765 nisi
1140 4696 1212 4783 quis
1232 4698 1385 4782 opinandi
1406 4702 1611 4771 umentaum
